1466 2342
195.0 104.0 1178.0 85.0 celuy qui regit, ou qui regne: (comme il y en a opi¬

193.0 165.0 1176.0 75.0 nions diuerſes) ſi eſt-ce que chacune d’icelles ſe rap¬

195.0 225.0 1178.0 80.0 porte à vn meſme but, qui eſt de bien & iuſtement re¬

195.0 286.0 1168.0 79.0 gir ou regner: & qui fait le contraire, il ne regit pas,

192.0 347.0 1181.0 70.0 mais il ruine: & ne regne point, mais il tyrannize: com

192.0 403.0 1177.0 74.0 me toutes choſes tendent perpetũellement à leur per

192.0 457.0 1182.0 75.0 fection, & à tenir rang dedans leurs limites. Auſsi l’o¬

196.0 519.0 1176.0 82.0 rigine des iuſtes & legitimes Rois eſt procedée par

195.0 580.0 1182.0 75.0 election des peuples: come il appert par l’inſtitution

195.0 641.0 1175.0 70.0 des Rois d’Iſraël, noſtres, & de toutes autres nations,

192.0 692.0 1186.0 80.0 Ieſquelz volontairement ſe ſont ſubmis à ceux qu’ils

193.0 754.0 1185.0 82.0 ont eſtimez capables d’vne commune defenſe & ad¬

195.0 810.0 1182.0 83.0 miniſtration publique: car (ainſi qu’il a eſté cy deſſus

192.0 875.0 1178.0 73.0 deduit) nature ne les ayant engendrez Rois, mais eſ¬

197.0 932.0 1180.0 76.0 gaux aux autres hommes, ils ont eſté amplifiez de ce¬

193.0 991.0 1184.0 81.0 ſte authorité par l’adoption des peuples, à cauſe de la

196.0 1051.0 1177.0 78.0 vertu ou vraye ou apparente en eux. Mais telle ele¬

195.0 1111.0 1181.0 76.0 ction a eſté accompagnée de pluſieurs charges capitu¬

192.0 1168.0 1182.0 78.0 lées auec eux: c’eſt à ſauoir qu’ilz conſerueront leurs

193.0 1225.0 1181.0 78.0 ſubietz, les preſerueront de toutes oppreſsions, leur

192.0 1284.0 1188.0 75.0 feront iuſtice: & autres ſemblables articles, contenans

193.0 1347.0 1184.0 77.0 obligations reciproques des vns enuers les autres: aux

195.0 1398.0 1186.0 82.0 Rois de bien regir & regner, aux ſubietz de biẽ obeir

196.0 1463.0 1184.0 80.0 & reuerer. Nous conſidererons donc ſous ce propos

195.0 1520.0 1183.0 82.0 deux liens d’entre les Rois & les ſubietz: l’vn contra¬

195.0 1578.0 1186.0 78.0 ctüel, l’autre attaché à leur office & deuoir: auſquels

199.0 1638.0 1181.0 85.0 (ainſi que ie me perſuade) les bons Rois ne voudront

199.0 1699.0 1181.0 74.0 contreuenir, & moins y renoncer: en diſant que la

196.0 1757.0 1185.0 84.0 capitulation faite auec eux, par laquelle leurs ſubietz

192.0 1813.0 1188.0 80.0 les ont illuſtrez d’vn ſceptre & d’vne couronne, ſoit

193.0 1874.0 1184.0 81.0 nulle, autrement ils perdroyent leur royauté, & leurs

195.0 1932.0 1183.0 80.0 ſubiets rentreroyent en leurs premiere liberté: cõme

195.0 1990.0 1181.0 83.0 en pareil i’eſtime qu’ils ne veulent regir ou regner ſe¬

195.0 2046.0 1177.0 81.0 lon la raiſon & leur deuoir, mais à leur ſenſualité. Car

195.0 2110.0 1179.0 87.0 par ſemblable argumẽt ſeroyent euincez de leur nom
