1466 2342
89.0 119.0 1181.0 72.0 concitoyens: & leur monſtrer reſpectiuement qu’il n’y

88.0 179.0 1187.0 68.0 a rien qui ait tant conſerué ceſte couronne en ſa fleur

91.0 239.0 1186.0 73.0 & grandeur, que la concorde, la paix & vnion d’entre

88.0 299.0 1187.0 67.0 Ie Prince & ſes ſubietz: non par contention ou eſlon¬

95.0 361.0 1180.0 68.0 gnement les vns des autres, mais par communications

93.0 417.0 1184.0 69.0 pourparlers, conuentions, accords & capitulations:

89.0 473.0 1186.0 74.0 eſquelles chacun a gardé ſon rang & ſon degré: ſauoir

92.0 532.0 1186.0 73.0 eſt, le Prince & ſuperieur de ſeigneur, de pere & de pa

92.0 592.0 1186.0 72.0 tron: le peuple, de ſubiets, d’inferieurs, d’obeiſſans, de

92.0 651.0 1186.0 72.0 fils, Et de cliens: cõmençant comme par l’œuf duquel

89.0 710.0 1188.0 71.0 noſtre monarchie eſt eſcloſe, noz Princes ayans de¬

92.0 767.0 1185.0 74.0 liuré toute noſtre Gaule de la tyrannie Romaine, par

92.0 827.0 1185.0 70.0 l’aide de leurs ſeuls ſubietz, ſe ſont voulu comporter

93.0 888.0 1184.0 69.0 auec iceux leurs ſubietz, en ſorte que par chacun an ils

93.0 945.0 1185.0 71.0 aſſemblaſſent leurs eſtats: qui pour lors (auant que les

93.0 1004.0 1185.0 72.0 Papes & leurs ſuppoſts ſe fuſſent inſinuez en l’authori

97.0 1063.0 1184.0 71.0 té, dont ils ſe ſont depuis enſaiſinez) conſiſtoyent en

96.0 1121.0 1181.0 74.0 deux parties: ſauoir eſt l’vne des nobles, & l’autre des

95.0 1182.0 1182.0 73.0 roturiers, deſquels ils entendoyẽt & oyoyent les plain

95.0 1238.0 1183.0 72.0 tes & doleances: auſsi de leur coſté ils declairoyent

93.0 1293.0 1185.0 79.0 leurs neceſsitez & affaires: eſquelles aſſemblées il ne ſe

97.0 1359.0 1181.0 73.0 parloit point de particuliers contratz, mais des affai¬

95.0 1419.0 1180.0 73.0 res & negociations politiques & d’eſtatz, tant guerri¬

96.0 1476.0 1178.0 74.0 eres que ciuiles. Telles negociations & capitulations

96.0 1536.0 1178.0 74.0 apportoyent vn bien infini au Royaume, puis que par

96.0 1595.0 1178.0 67.0 icelles les Princes & ſubietz communiquans les vns

96.0 1652.0 1177.0 73.0 auec les autres, s’en alloyent contens & reconciliez de

93.0 1707.0 1181.0 76.0 tous leurs differẽs. Laquelle maniere d’aſſemblée eſtãt

95.0 1768.0 1178.0 75.0 diſcontinuée, a apporté vn grand deſordre & confu¬

93.0 1830.0 1181.0 73.0 ſion: car auiourd’huy tout moyen eſt oſté au peuple

97.0 1885.0 1176.0 75.0 de donner à entendre à ſon Prince ſes doleances: & au

93.0 1946.0 1179.0 74.0 contraire, le Roy voulant quelque choſe de ſon peu¬

95.0 2006.0 1178.0 70.0 ple, l’a demandé par moyens extraordinaires de con¬

93.0 2068.0 1181.0 68.0 trainte, qui cauſe vn meſcontentement & infini de¬

91.0 2124.0 1182.0 80.0 dain du peuple enuers ſon Prince. Et nous auons veu

947.0 2184.0 101.0 74.0 B 3
