1466 2342
101.0 121.0 1187.0 136.0 QVESTION POLITIQVE,

157.0 212.0 1133.0 106.0 S’IL EST LICITE AVX SVB¬

156.0 292.0 1128.0 100.0 IETS DE CAPITVLER AVEC

156.0 363.0 356.0 76.0 leur Prince.

142 755 275 125 D

463.0 529.0 820.0 83.0 Epvis quelque tems on a ſemé en la

458.0 589.0 828.0 83.0 bouche du populaire, & engraué en

455.0 683.0 830.0 44.0 l'eſprit de noz ſuperieurs, qu’il n'eſt

450.0 711.0 831.0 81.0 licite aux ſubiets de capituler auec

446.0 771.0 835.0 79.0 leurs Princes: voire & que telles capi¬

441.0 831.0 831.0 74.0 tulations non ſeulement ſont nulles,

89.0 891.0 1184.0 77.0 mais (qui pis eſt) qu’elles conuainquent le ſubiet qui

89.0 949.0 1189.0 76.0 a capitulé, de crime de leze Maieſté. Et pource que ce¬

88.0 1008.0 1186.0 77.0 ſte concluſion m’a ſemblé eſtre vn paradoxe de gran¬

89.0 1065.0 1186.0 79.0 de conſequence, tant pour le regard du Prince que du

93.0 1125.0 1184.0 75.0 ſubiet, & la diſpute d’iceluy eſtre politique: i’ay eſtimé

92.0 1187.0 1185.0 72.0 appartenir à vn amateur de la ſocieté publique de le

95.0 1242.0 1178.0 81.0 traitter, & en publier ſon auis appuyé de raiſons non

87.0 1302.0 1185.0 78.0 fardées, pour en eſclaircir la verité, comme ie fai à pre¬

88.0 1362.0 1185.0 80.0 ſent: eſperant que par icelles chacun pourra iuger de

93.0 1419.0 1177.0 83.0 quelle boutique & forge eſt ſorti ce tant inſigne prin¬

91.0 1481.0 1175.0 80.0 cipe. Et pour iceluy rendre plus clair, ie cõmenceray

92.0 1541.0 1174.0 76.0 par la definition ou explication de ce mot capituler:

88.0 1597.0 1178.0 78.0 duquel il me ſemble que tout à propos & induſtrieu¬

87.0 1657.0 1181.0 73.0 ſement ont vſé les autheurs de telle concluſion: à fin

88.0 1714.0 1177.0 81.0 que ſous l’obſcurité d’iceluy & le Prince & le popu¬

85.0 1776.0 1180.0 78.0 laire fuſſent plus aiſément circonuenuz: & lequel ex¬

88.0 1835.0 1176.0 77.0 pliqué, tout leur art ſera deſcouuert : Car combien

87.0 1897.0 1177.0 72.0 que ce mot ſoit tenu pour eſtre bonne diction Fran¬

89.0 1952.0 1175.0 77.0 çoyſe, toutes-fois elle eſt plus vſitée aux affaires de

89.0 2016.0 1173.0 76.0 guerre, ou d’eſtat, que de la commune negociation

85.0 2072.0 1177.0 78.0 des hommes. Or la locution de capituler n’emporte

84.0 2129.0 1169.0 89.0 autre choſe que de trãſiger, contracter, compoſer, ne¬

977.0 2206.0 111.0 64.0 A 2
