1466 2342
85.0 124.0 1180.0 72.0 pour le Roy, pour ſa couronne, pour ſa Maieſté. Auſsi

84.0 179.0 1182.0 73.0 i’adiouſteray qu’ils capitulent pour extirper les opi¬

83.0 234.0 1189.0 80.0 nions de ceſte peſte publique auec ſa perſõne, lequel

85.0 296.0 1184.0 74.0 depuis qu’il eſt entré en l’adminiſtration du Royaume

84.0 355.0 1188.0 78.0 il y a ſemé des yraignes peſtilentes de tyrannie, ayant

91.0 415.0 1179.0 71.0 pour ſon chef-d’euure corrompu le doux & humain

85.0 467.0 1187.0 78.0 naturel du Roy Henry, & conduit à la miſerable fin

87.0 526.0 1182.0 77.0 dont il eſt ſorti de ce ſiecle plein de cholere, de paſsion

88.0 593.0 1184.0 71.0 & de menaces contre les innocens, par leſquelles les

83.0 644.0 1190.0 80.0 feuz, les gibetz & eſchaffaux eſtoyent dreſſez par tout

84.0 703.0 1184.0 78.0 le Royaume, ſi la main de Dieu n’euſt eſté la plus for¬

85.0 765.0 1184.0 75.0 te: Puis ſuiuant directement ſon niueau, pendant la

87.0 821.0 1182.0 78.0 ieuneſſe des deux derniers Rois François deuzieme &

89.0 883.0 1180.0 78.0 Charles ix. il a peruerti tout ordre politic, & in¬

87.0 944.0 1183.0 74.0 troduit telle confuſion en ce pauure Royaume, qu’il

87.0 1000.0 1179.0 76.0 ſemble iceluy eſtre proche de ſa ruine. Toutes-fois en

89.0 1064.0 1177.0 73.0 paſſant outre, & continuant ce qui eſt propre de no¬

87.0 1117.0 1179.0 78.0 ſtre peuple & de noz meurs, à tous couronnemens de

87.0 1176.0 1171.0 75.0 noz Rois les Pairs de Frãce ont accouſtumé d’aſsiſter,

87.0 1237.0 1175.0 75.0 & faire lire en preſence du Roy qu’on veut couron¬

84.0 1299.0 1180.0 71.0 ner ou ſacrer, certaines ordonnances & ſtatuz: par leſ¬

87.0 1354.0 1177.0 78.0 quelz le Roy promet par ſerment ſolennel de conſer¬

85.0 1413.0 1177.0 78.0 uer ſon peuple en paix & tranquilité, d’entretenir ſes

87.0 1470.0 1175.0 78.0 priuileges, de ne fouler & opprimer ſes ſubietz de tail

87.0 1535.0 1175.0 70.0 les, & de ſupprimer les ſubſides nouuellement inuen¬

91.0 1589.0 1169.0 67.0 tez. Tels articles ont eſté accordez & proiettez d’an¬

85.0 1652.0 1172.0 68.0 cieneté par les eſtatzles Parlemens & Pairs, ou autres

82.0 1704.0 1175.0 77.0 bons politiez, pour cõtenir les Rois dedãs les bornes

84.0 1765.0 1167.0 78.0 de iuſtice, & à fin qu’ayans iuré & promis tels articles,

80.0 1821.0 1176.0 76.0 ilz fuſſent plus tardifs à les vouloir enfreindre, & ou

82.0 1884.0 1174.0 72.0 ilz entreroyent en volonté de les violer, pour en eſtre

83.0 1941.0 1172.0 77.0 empeſchez, en vertu du ſerment par eux fait, & iuſtes

82.0 1995.0 1171.0 76.0 remonſtrances de leurs ſubietz, meſmes des eſtatz des

80.0 2054.0 1173.0 81.0 Parlemens & Pairs, conſeruateurs du bien public. Ie

80.0 2114.0 1168.0 87.0 demande ſur le recit par moy fait, ſi telles tres-amples

972.0 2187.0 95.0 73.0 C 3
