1466 2342
208.0 109.0 1188.0 74.0 conſeillé, partie forcé, pour ce qu’il eſtoit en la puiſſan

207.0 173.0 1189.0 71.0 ce du Roy d’Angleterre qui auoit occupé Paris, &

210.0 230.0 1180.0 74.0 grande partie de ſon Royaume, accorda à iceluy Roy

208.0 287.0 1190.0 76.0 d’Angleterre la ſucceſsion du Royaume apres ſa mort

210.0 344.0 1186.0 77.0 & en priua par contract ſon filz Charles ſeptieme. Les

213.0 407.0 1186.0 69.0 villes d’Orleans, Bourges & autres ne voulurẽt obeir

212.0 464.0 1188.0 72.0 à tel contract & commendemẽt de leur Prince, ains ſe

213.0 524.0 1185.0 73.0 garderent virilement contre les Anglois qui les vou¬

210.0 585.0 1189.0 70.0 loyẽt occuper en vertu d’iceluy contract coloré de fa

213.0 645.0 1186.0 69.0 ueur de mariage: combien que pluſieurs autres villes

212.0 701.0 1184.0 73.0 des principales laſchement & infidelement flechiſſent

213.0 759.0 1186.0 75.0 le ioug à l’Anglois. Le Roy François de noſtre tems a¬

217.0 819.0 1183.0 72.0 yant eſté pris priſonnier en la iournée de Pauie, & con

214.0 879.0 1180.0 65.0 duit en Heſpaigne, fut forcé (pour obtenir liberté)

214.0 936.0 1184.0 72.0 d’accorder à l’Empereur Charles cinquieme pluſieurs

214.0 997.0 1185.0 68.0 iniques conditions: entre autres la ceſsion du Duché

216.0 1052.0 1183.0 77.0 de Bourgoigne. Quand il fut queſtion de les accom¬

220.0 1113.0 1179.0 73.0 plir, apres auoir fait vne ſolennelle aſſemblée de plu¬

216.0 1174.0 1183.0 69.0 ſieurs bons & notables ſubietz, affin de faire mettre à

218.0 1233.0 1178.0 68.0 execution les loix de paix & capitulations faites auec

220.0 1288.0 1179.0 75.0 l’Empereur, & deliurer Meſsieurs ſes enfans qui e¬

220.0 1345.0 1175.0 79.0 ſtoyent paſſez en Heſpaigne par forme d’oſtage iuſ¬

220.0 1409.0 1180.0 72.0 ques à l’accompliſſement d’iceux, il luy fut virilement

218.0 1467.0 1180.0 69.0 reſiſté, meſmes les deleguez de la Bourgoigne s’oppo

220.0 1527.0 1180.0 70.0 ſerent pour leur intereſt, luy declarans qu’il n’eſtoit

223.0 1582.0 1177.0 74.0 en la puiſſance d’vn ſeul Roy de les demembrer de la

223.0 1648.0 1179.0 68.0 couronne pour les trans-ferer en mains eſtrangeres, &

226.0 1708.0 1176.0 64.0 qu’ilz n’endureroyent que l’Empereur y amenaſt ni

226.0 1759.0 1173.0 74.0 garniſons, ni introduiſiſt officiers. Et telle obſtinée in¬

222.0 1818.0 1180.0 77.0 ſiſtance apporta tant de proffit au Roy, que finable¬

223.0 1881.0 1181.0 70.0 ment la Bourgoigne fut rayée de l’appointement du

222.0 1938.0 1182.0 68.0 conſentement de l’Empereur. Or ie demande à noſtre

223.0 1994.0 1183.0 72.0 ſophiſte ce qu’il eſtime de telz ſubietz tant du viuant

225.0 2053.0 1178.0 76.0 des Rois Iean & Charles les quint & ſixieme que de

225.0 2114.0 1170.0 79.0 François qui reſiſtoyẽt aux volontez & appointemẽs
