1466 2342
87.0 109.0 1188.0 77.0 habitans ſeroyent conſeruez en toutes ſranchiſes, & ſe

95.0 166.0 1177.0 83.0 garderoyent eux-meſmes ſans eſtre opprimez de gar

92.0 223.0 1180.0 78.0 niſons, ne ſeroyent alienez de la courõne, & pluſieurs

93.0 286.0 1181.0 77.0 autres articles ſemblables. Ceſte capitulation eſt-elle

92.0 344.0 1180.0 78.0 criminelle? car autres-fois ilz auoyent eſté ſubietz du

92.0 399.0 1177.0 86.0 Roy, & le ſont encores. Ie penſe que ſi on veut croire

92.0 460.0 1170.0 85.0 ce brouillon qu’on les declairera bien toſt rebelles,

95.0 519.0 1171.0 84.0 pource qu’ils ont capitulé auec le Roy, & ſe veulent cõ

89.0 578.0 1176.0 84.0 ſeruer en leurs capitulations. Marſeille a encores plus

91.0 638.0 1173.0 81.0 grans & authentiques priuileges, pour auoir eſté les

87.0 696.0 1179.0 74.0 habitans d’icelle touſiours bons ſubietz, & eſtre tres¬

85.0 755.0 1179.0 79.0 neceſſaires pur la ſituation de leur ville. Les habitans

84.0 818.0 1180.0 78.0 d’Arles en Prouence au commencement qu’on impo

85.0 875.0 1179.0 83.0 ſa le taillon de la gendarmerie, s’oppoſerent d’y eſtre

88.0 934.0 1173.0 78.0 cottiſez, remonſtrans qu’ils s’eſtoyent volontairemẽt

87.0 992.0 1177.0 74.0 ſoumis au Comte de Prouẽce, eſtans aupar-auant Re¬

92.0 1049.0 1170.0 81.0 publique libre, à la condition qu’ils ne les chargeroit

88.0 1108.0 1176.0 73.0 d’aucunes tailles ni ſubſides, & les deſendroit à ſes deſ¬

92.0 1171.0 1165.0 78.0 pens, ſans qu’ils fiſſent aucuns fraiz pour leur tuition,

87.0 1228.0 1175.0 83.0 ne pour aucune guerre: Que depuis le Roy eſtant fait

88.0 1285.0 1173.0 81.0 Conte de Prouence, auoit corfirmé leurs priuileges &

87.0 1344.0 1174.0 82.0 immunitez: la cauſe rẽuoyée au grand Cõſeil, pour en

87.0 1401.0 1171.0 82.0 dõner auis, le Conſeil dõna au profit des habitãs d’Ar

87.0 1459.0 1171.0 81.0 les, declairant qu’ilz deuoyẽt eſtre cõſeruez en leurs li

85.0 1520.0 1172.0 80.0 bertez, & exemptez du taillon. La ville d’Orleans a

85.0 1578.0 1173.0 79.0 racheté de noſtre tems pour la ſomme de cent ſoixan¬

84.0 1639.0 1172.0 81.0 te & douze mil liures tourn. l’impoſitionforaine, que

82.0 1692.0 1174.0 84.0 le Roy François premier par l’auis du Chancelier Po¬

88.0 1759.0 1172.0 76.0 yet vouloit impoſer ſur icelle pour la ruiner. La Guy¬

82.0 1812.0 1174.0 83.0 ene à vſé de pareil rachat de la gabelle du ſel. Ce ſont

82.0 1877.0 1174.0 75.0 capitulations faites par les ſubietZ auec leur Roy, voire

82.0 1932.0 1174.0 75.0 des affaires concernantes ſon authorité. Seroit-ce la

82.0 1992.0 1174.0 75.0 raiſon de les declairer rebelles, ou de caſſer & reuo¬

84.0 2053.0 1169.0 82.0 quer leurs capitulations? Qui le fera, il donnera occa¬

82.0 2110.0 1171.0 88.0 ſion à tous peuples & nations de pluſtoſt faire cõme
