1466 2342
184.0 132.0 1183.0 70.0 ayant cõmis tant d’infidelitez contre le Roy, ſon Ro¬

188.0 188.0 1180.0 77.0 yaume & le ſalut public, il a perpetuellemẽt en ſon cer

186.0 249.0 1181.0 68.0 ueau le crime de leze Maieſté, & capitulations par luy

183.0 308.0 1184.0 75.0 faites, s’accuſant luy-meſmes par vne fureur vẽgereſ¬

188.0 364.0 1184.0 62.0 ſe de ſes delitz. Partant toutes choſes qui s’offrent au

191.0 421.0 1183.0 74.0 Conſeil du Roy il les redargüe d’infidelité & leze Ma

186.0 484.0 1183.0 72.0 ieſté, iuſques à imputer à ceux qui ſe rendent ſuppliãs

188.0 542.0 1184.0 74.0 & requerans la faueur l’aide & ſupport du Roy, qui ſe

191.0 602.0 1181.0 71.0 proſtituẽt à ſes piedz & embraſſent ſes genous qu’ilz

190.0 660.0 1180.0 68.0 ſont infideles, traiſtres & deſloyaux, & veut faire tenir

187.0 718.0 1183.0 71.0 au Roy le train de Roboam, lequel à la verité refuſa &

191.0 783.0 1177.0 66.0 dedaigna de tranſiger accorder & capituler auec ſes

191.0 837.0 1179.0 72.0 humbles ſubietZ, chaſſa au loing leurs prieres & ſuppli¬

193.0 899.0 1181.0 65.0 cations, les foula & tyranniſa extraordinairemẽt, & ce

190.0 953.0 1179.0 72.0 par le conſeil des flateurs, ayant chaſſé des vieux con¬

191.0 1010.0 1179.0 68.0 ſeillers & officiers de ſon Royaume. Mais l’iſſue nous

191.0 1073.0 1181.0 73.0 rend teſmoignage de ſes ſages actions, la ſubleuation

195.0 1133.0 1177.0 70.0 de ſes ſubietz, guerre ciuile, perte de ſon eſtat & vie.

201.0 1191.0 1172.0 76.0 Vn preſque ſemblable inconuenient auint au Roy

203.0 1250.0 1167.0 60.0 Theodoric premier de ce nom de la race de Faramõd

196.0 1305.0 1173.0 68.0 par le mauuais conſeil de Bertaire ſon Maire du Pa¬

195.0 1367.0 1175.0 69.0 lais, lequel ayant eſté tres-humblement ſupplié par

197.0 1423.0 1173.0 71.0 pluſieurs de ſes ſubietz baniz & retirez en Auſtraſie à

196.0 1485.0 1168.0 68.0 cauſe des guerres ciuiles pour lors regnantes entre les

197.0 1545.0 1176.0 61.0 Maires du Palais : ſupplié di-ie, de les receuoir en ſon

197.0 1600.0 1176.0 69.0 Royaume, & leur rẽdre leur biẽs, franchiſes & immu¬

196.0 1660.0 1174.0 70.0 nitez, les refuſa pour gratifier de leurs confiſcations

199.0 1721.0 1173.0 68.0 iceluy Bertaire qui tenoit le parti contraire, & conſe¬

201.0 1781.0 1166.0 66.0 quemment la main à ce qu’vn Roy ne capitulaſt auec ſes

200.0 1838.0 1172.0 69.0 ſubietz, ains les traittaſt auec toute rigueur. Mais liſſue

203.0 1898.0 1166.0 67.0 en fut tragique : Car les pauures baniz eſtans tombez

199.0 1955.0 1170.0 69.0 en tout deſeſpoir prindrẽt les armes ſouz la conduitte

203.0 2011.0 1169.0 72.0 de Pepin Maire d’Auſtraſie contre partiſan de Bertai¬

203.0 2075.0 1167.0 67.0 re, pour conſeruer le droit par force qu’ilz n’auo¬

207.0 2133.0 1162.0 78.0 yent peu auoir par humilité & iuſtice, gaignerent vne
