1466 2342
79.0 104.0 1190.0 82.0 aux paſsions de leur Prince mal conſeillé. Or continü¬

80.0 165.0 1185.0 80.0 ant les actions de noz predeceſſeurs remarquées par

79.0 221.0 1189.0 86.0 noz hiſtoires, ie luy demãde encore qui furent les meil

78.0 281.0 1190.0 85.0 leurs ſubietz & cõſeillers, ou ceux leſquelz apres la pri

78.0 339.0 1190.0 86.0 ſe du Roy Iean perſuadoyent au Duc de Normandie

80.0 398.0 1185.0 83.0 ſon filz aiſné d’aſſembler les eſtatz pour pouruoir aux

76.0 459.0 1188.0 84.0 affaires turbulentes du Royaume, & receuoir de telle

78.0 516.0 1183.0 83.0 aſſemblée vn bon & ſain conſeil, ſecours & aide fauo¬

76.0 577.0 1184.0 85.0 rable pour le recouurement du Roy priſonnier: ou

75.0 634.0 1186.0 88.0 bien les petis flattereaux & flagorneurs qu’il auoit à

75.0 694.0 1177.0 87.0 I’entour de luy qui l’empeſcherent de ce faire, diſans,

78.0 759.0 1183.0 77.0 que c’eſtoit preiudicier à ſa grandeur. L’euenement

76.0 815.0 1184.0 81.0 reſpont à noſtre queſtiõ: c’eſt à ſauoir la ſedition aue¬

74.0 876.0 1186.0 80.0 nüe à Paris, en laquelle les ſeditieux l’allerẽt cercher

71.0 935.0 1187.0 82.0 iuſques en ſa chambre, & luy tuerent deux ou trois de

71.0 994.0 1186.0 82.0 ſes fringuereaux conſeillers de Roboam, en laquelle il

72.0 1053.0 1183.0 81.0 euſt eſté opprimé ſans le chapperõ de couleur que luy

70.0 1111.0 1187.0 80.0 bailla le Preuoſt des marchãs.Pareillemẽt la ſeditiõ &

70.0 1173.0 1185.0 79.0 eſmeute eleuée par tout le Royaume à cauſe des impo

74.0 1230.0 1182.0 86.0 ſitions & ſubſides nouueaux impoſez au Royaume, &

72.0 1288.0 1184.0 87.0 la guerre ſuſcitée par le Roy de Nauarre. Voila que

71.0 1349.0 1184.0 84.0 luy ſeruit de ne vouloir capituler auec ſes bons & fide¬

76.0 1409.0 1177.0 80.0 les ſubietZ, & ne les vouloir ouyr en leur iuſtes remon¬

74.0 1467.0 1181.0 86.0 ſtrances. Toutes-fois la peine qu’il receut de la faute

78.0 1527.0 1175.0 86.0 par luy cõmiſe le rendit plus ſage apres la mort de ſon

76.0 1589.0 1177.0 80.0 pere, par ce qu’il ni eut onques Roy ni precedent ni

71.0 1645.0 1181.0 82.0 ſubſequent qui plus ſe ſoumiſt à conſeil pour la dire¬

72.0 1703.0 1180.0 86.0 ction de ſes affaires, dont depuis il aquiſt le nom de ſa¬

75.0 1764.0 1174.0 80.0 ge. Et à l’imitatiõ des derniers traits de ſa vie les Ducs

76.0 1821.0 1164.0 85.0 d’Anjou, de Bourgoigne & de Bourbõnois ſes freres,

74.0 1886.0 1177.0 76.0 apres ſa mort ne ſe voulurent entremettre de la tutel¬

69.0 1943.0 1180.0 81.0 le de leur neueu Charles vj. ni entreprendre l’admini¬

67.0 2001.0 1181.0 83.0 ſtration du Royaume ſans l’auis des eſtatz: cõme pa¬

67.0 2060.0 1178.0 81.0 reillement apres l’alienation fortuite de ſens d’iceluy

71.0 2120.0 1173.0 82.0 Roy eſtant maieur, il ne voulurent s’entremeſler d’au

1017 2215 60 54 F
