1466 2342
78.0 119.0 1183.0 68.0 exemples particuliers tirez de noz hiſtoires. Le Roy

76.0 173.0 1192.0 78.0 Iean ayant eſté fait priſonnier du Roy d’Angleterre à

78.0 234.0 1188.0 67.0 Ia iournée de Poitiers, fut contraint de ſe racheter de

78.0 294.0 1190.0 72.0 ſa captiuité par pluſieurs iniques conditions: & entre

78.0 351.0 1188.0 73.0 autres en cedant & delaiſſant à l’Anglois la Guyene

78.0 409.0 1187.0 75.0 amplifiée de limites extraordinaires, comprenant ſous

75.0 467.0 1187.0 76.0 icelle toute la Gaſcoigne. Poictou, Xaintonge, Peri¬

80.0 530.0 1181.0 76.0 gort, Lymoſin, Quercy, Angoulmois & Rouergue,

82.0 589.0 1184.0 69.0 auec toute ſuperiorité & ſouueraineté. Pluſieurs deſd.

84.0 645.0 1180.0 77.0 pays s’oppoſerent à tel appointement,ne voulans ſor

80.0 707.0 1185.0 76.0 tir de la ſubiection de France, & maintenans telle ca¬

80.0 767.0 1182.0 70.0 pitulation des ennemis detenans vn Roy priſonnier,

79.0 824.0 1185.0 64.0 auoir eſté forcée & violente.Le Roy connoiſſant leur

76.0 882.0 1192.0 71.0 bonne volonté qui pourroit retarder ſa liberté & de

78.0 940.0 1186.0 72.0 I’vn de ſes fils, enſemble la reſtauration de ſon Royau

79.0 1003.0 1187.0 75.0 me, les pria de ſuperſeder & aquieſcer pour quelque

79.0 1061.0 1186.0 70.0 tems:ce qu’ilz firent:mais bien toſt apres ſa mort, re¬

84.0 1121.0 1181.0 72.0 gnant Charles le quint ſon ſilz, qui ne penſoit aucu¬

79.0 1180.0 1183.0 69.0 nement au recouurement de la Guyene ,les bons ſub¬

82.0 1238.0 1182.0 68.0 ietz du Royaume, & entre autres le Comte d’Armai¬

85.0 1298.0 1173.0 70.0 gnac interietta vne appellation au Roy de France,

79.0 1355.0 1178.0 73.0 des exactiõs & nouueaux ſubſides impoſez par le Roy

80.0 1415.0 1180.0 72.0 d’Angleterre ſur la Guyene delaquelle le Roy ne te¬

84.0 1475.0 1176.0 69.0 nant comte, & ne ſachant le beau chemin auquel ſes fi

85.0 1534.0 1176.0 68.0 deles ſubietz le mettoyẽt de recouurer vn fructũeux

84.0 1589.0 1174.0 76.0 patrimoine: des Dormans (qui deſpuis fut ſon Chan¬

83.0 1651.0 1178.0 76.0 celier) ayant la teſte plus plombée & reſolüe que no¬

80.0 1710.0 1180.0 71.0 ſtre paradoxeur, luy perſuada de la receuoir, & icelle

83.0 1768.0 1174.0 73.0 renuoyer en ſa Cour de Parlement, eſperant qu’il luy

83.0 1829.0 1175.0 71.0 en auiendroit plus de fruit qu’il ne penſoit. Telle ap¬

84.0 1887.0 1176.0 73.0 pellation receüe & diuulguée par les autres villes, Il

82.0 1950.0 1176.0 62.0 ſourdit incontinent vne eleuation & reuolte vniuer¬

85.0 2005.0 1176.0 67.0 ſelle de la Guyene qui retourna en brief non ſeulemẽt

84.0 2064.0 1176.0 71.0 ſouz la iuriſdiction, mais auſsi en patrimoine à la cou¬

82.0 2122.0 1173.0 85.0 ronne de France.Le Roy Charles ſixieme partie mal

980.0 2180.0 101.0 78.0 E 3
