1466 2342
67.0 106.0 1195.0 99.0 de ſon Royaume, ainſi que ceux dont ſe pretẽt deſcen

70.0 167.0 1195.0 103.0 du noſtre paradoxeur, ſpolierent le pauure ſtupide

69.0 227.0 1191.0 102.0 Roy Childeric. En premier lieu donc qui voudra con

71.0 291.0 1194.0 95.0 templer la vie & actions des bons Princes, qui ſe ſont

70.0 348.0 1190.0 99.0 adonnez à l’humanité & clemence, ne dedaignans de

71.0 409.0 1187.0 95.0 capituler auec leurs ſubiets, il connoiſtra que tels Prin¬

70.0 473.0 1186.0 95.0 ces ont veſcu en vne tranquilité incroyable auec leurs

66.0 525.0 1189.0 103.0 ſubietz, pleins de felicitez, d’honneurs & de faueurs:

69.0 589.0 1187.0 95.0 & apres leur mort ont aquis vn ſouuerain degré de re

69.0 645.0 1183.0 101.0 putation enuers la poſterité: entre leſquelz ie collo¬

67.0 713.0 1186.0 91.0 queray en premier rang ceux qui ſe ſont demis de leur

65.0 763.0 1183.0 102.0 Royaume, ou partie de leur pouuoir, pour le bien pu¬

62.0 823.0 1189.0 102.0 blic:comme firent Lycurgue & Theopompe à Spar¬

61.0 880.0 1184.0 102.0 te, Theſée à Athenes, & Gelon en Syracuſe, ſe preſen¬

61.0 942.0 1181.0 98.0 tans à toutes heures nuds & ſans armes à leurs citoyẽs

62.0 1001.0 1181.0 101.0 pour rendre comte de leur adminiſtration. Du ſecond

59.0 1060.0 1183.0 100.0 rang ie mettray ceux qui ont fidelement adminiſtré

59.0 1116.0 1183.0 107.0 leurs Royaumes & principautez, dirigeans toutes

55.0 1177.0 1187.0 99.0 leurs actions pour le proffit commun, ſans aucun reſ¬

61.0 1236.0 1181.0 98.0 pect du leur particulier:duquel nõbre ont eſté Nume

53.0 1294.0 1183.0 103.0 ſecond Roy de Rome, appellé le diuin, & Tite Empe¬

57.0 1354.0 1183.0 108.0 reur, appellé les delices du genre humain, pour l’hu¬

57.0 1418.0 1179.0 97.0 manité de ſa vie: Traian nommé le bon, duquel le Se¬

57.0 1475.0 1177.0 101.0 nat Romain auoit retenu ce teſmoignage public, que

55.0 1532.0 1181.0 99.0 procedant à la reception des autres Empereurs, il leur

52.0 1586.0 1182.0 104.0 deſiroit la felicité d’Auguſte, & bõté de Traian:De pa

54.0 1649.0 1178.0 100.0 reil ordre ſera Alexandre Seuere Empereur, ne cedãt

50.0 1709.0 1182.0 98.0 à aucun Roy en iuſte & politique adminiſtration: auſ¬

53.0 1772.0 1178.0 96.0 quelz à bon droit i’adjouſteray noſtre bon homme le

49.0 1828.0 1180.0 98.0 Roy Loys xj. qui pour ſon indicible vertu & clemen¬

49.0 1890.0 1182.0 100.0 ce a merité le nom de pere du peuple. On en pourroit

52.0 1943.0 1175.0 107.0 adjoindre pluſieurs autres de diuerſes nations, mais

45.0 2010.0 1185.0 100.0 ie me contenteray des precedens qui m’ont ſemblé

44.0 2063.0 1183.0 100.0 aſſez illuſtres, & en ſuffiſant nombre pour embellir no

42.0 2122.0 1187.0 119.0 ſtre apologie, & donner enuie à noſtre Roy d’eſtre

1005.0 2239.0 45.0 34.0 E
