1466 2342
74.0 123.0 1192.0 68.0 bataille, deffirent Bertaire pernitieux conſeiller, & ſe

79.0 183.0 1189.0 62.0 recõcilierent auec leur Prince par l’interceſsion de Pe

78.0 240.0 1186.0 73.0 pin qui fut eſtabli general Maire du Palais. Ceſt exem

76.0 301.0 1192.0 72.0 ple eſt fort conforme à la figure de noſtre tems. Le pa

71.0 361.0 1193.0 70.0 radoxeur ſe pretent deſcendu des Maires du Palais

74.0 421.0 1192.0 69.0 qui ont volé ce Royaume des mains du legitime fon¬

72.0 478.0 1192.0 72.0 dateur : il tient le Roy en ſeruitude, il fait banir ſes pau

72.0 537.0 1192.0 68.0 ures ſubietz, leur fait fermer les oreilles de iuſtice &

69.0 598.0 1188.0 68.0 clemence, pretent faire profit de leurs confiſcations,

72.0 660.0 1189.0 64.0 & en enrichir toute ſa ſequelle, a mis iceux ſubietz en

71.0 714.0 1191.0 66.0 deſeſpoir & contraint de prendre les armes, ſon frere

72.0 778.0 1190.0 66.0 imitateur de Bertaire y eſt mort : il reſte ce qui eſt diffe

71.0 834.0 1187.0 71.0 rẽt du paſſé, que Bertaire n’auoit point de force ſchiſ¬

71.0 895.0 1187.0 70.0 matique qui peuſt nourrir ſa querelle, ſa ſecte & ſon

72.0 953.0 1185.0 74.0 parti apres ſa mort. Voila pourquoy les pauures ba¬

70.0 1013.0 1187.0 65.0 niz ne peuuent obtenir reconciliation auec leur Prin¬

70.0 1070.0 1186.0 64.0 ce, comme firent les baniz eſtans en Auſtraſie. O miſe¬

70.0 1126.0 1185.0 65.0 rable conſeil qui met & nourrit en diſcorde le Prince

71.0 1187.0 1184.0 64.0 auec ſes ſubietz, le pere auec les enfans, les tuteurs &

71.0 1250.0 1182.0 69.0 curateurs auec leurs pupilles & mineurs. encores plus

67.0 1306.0 1185.0 60.0 miſerable d’aimer mieux voir la ſubuerſion d’vn ſi am

69.0 1366.0 1182.0 71.0 ple & ancien Royaume, que de permettre qu’vn ieu¬

67.0 1423.0 1184.0 74.0 ne Roy ſe ſoumette à la raiſon, ne qu’il ait compaſsion

65.0 1480.0 1182.0 70.0 de ſoy-meſme, de ſa mere, ſes freres, ſon eſtat & de

62.0 1539.0 1182.0 73.0 ſes ſubietz : le voulant des ceſte grande ieuneſſe diſci¬

67.0 1602.0 1178.0 68.0 pliner à vne extreme tyrannie, pour le rendre miſera¬

61.0 1657.0 1186.0 76.0 ble tous les iours de ſa vie. Mais pourquoy veut-on de

61.0 1714.0 1183.0 78.0 fendre au Prince d’oüir ſon pauure & humble ſubiet

61.0 1781.0 1178.0 71.0 en ſes requeſtes, & de capituler auec luy : veu qu’on luy

63.0 1839.0 1180.0 71.0 permet & conſeille de capituler auec ſon ennemi, qui

57.0 1894.0 1182.0 75.0 ne demande que la ruine de ſon pais, de ſon honneur

58.0 1952.0 1182.0 76.0 & eſtatz? Lequel eſt le plus raiſonnable ou de s’accor¬

66.0 2014.0 1174.0 74.0 der auec ſon ennemi demandant choſes iniques, ou

59.0 2075.0 1188.0 78.0 auec ſes ſubietz, ſes enfans, ſes pupilles, qui ſupplient

61.0 2132.0 1184.0 85.0 & requierent choſes raiſonnables? Ie croy qu’il ny a

942.0 2215.0 106.0 51.0 F iij
