1466 2342
223.0 124.0 1175.0 67.0 cun gouuernement ſans le ſemblable auis & conuoca¬

223.0 176.0 1176.0 77.0 tion des eſtatz. Que pleuſt à Dieu que telle regle euſt

222.0 239.0 1173.0 73.0 ſerui aux ſucceſſeurs,& principalemẽt à nous : & qu’õ

223.0 296.0 1175.0 69.0 ſe fuſt gouuerné ſelõ les hũbles requeſtes & remõſtrã¬

223.0 356.0 1175.0 72.0 ces des eſtatz tenuz à Orleans : ce Royaume ne ſeroit

222.0 415.0 1174.0 70.0 en l’extreme miſere en laquelle on le voit à preſent.

227.0 472.0 1169.0 75.0 Toutes-fois telle remonſtrance ſera gardée pour vn

223.0 530.0 1171.0 78.0 autre lieu plus à propos. Mais puis que par la ſeule le¬

222.0 593.0 1174.0 67.0 cture de noz hiſtoires noꝰ pouuõs recueillir l’heureux

227.0 649.0 1167.0 77.0 progrez qu’a eu l’accord, l’vnion & la liaiſon du Roy

223.0 710.0 1172.0 71.0 auec ſes ſubietz, par leſquelz le Royaume s’eſt accreu,

222.0 768.0 1177.0 71.0 amplifié & enrichi à veüe d’oeil : & au contraire par la

225.0 828.0 1173.0 69.0 diſſenſion & diſcord noſtre monarchie s’eſt abbaiſſée,

225.0 888.0 1173.0 68.0 esbranlée & ruinée : ie m’esbahi comment noſtre para

221.0 947.0 1177.0 69.0 doxeur a oſé entreprendre de ſemer vne ſi inepte &

221.0 1008.0 1175.0 71.0 dangereuſe propoſition, veu le bruit & la reputation

222.0 1064.0 1174.0 77.0 qu’il a faite eſpandre de luy par gens (cõme il eſt cro¬

227.0 1121.0 1169.0 78.0 yable) apoſtez, qu’il eſt le plus capable prouidẽt & ſa¬

221.0 1182.0 1178.0 73.0 uant qui ſoit en l’Europe, doué de l’encyclopædie de

220.0 1239.0 1176.0 79.0 ſauoir. Et outre ce que dés & depuis vint cinq ans en¬

221.0 1297.0 1174.0 73.0 ça, il a eſté nourry & employé aux affaires d’eſtat, &

217.0 1354.0 1177.0 70.0 long-tems a qu’il tient de ſes deux mains les deux for¬

220.0 1418.0 1178.0 71.0 tes reſnes des deux gouuernemens, l’vn du ſaint ſiege

221.0 1474.0 1175.0 74.0 Romain, l’autre de ce grand Royaume : & par ce mo¬

225.0 1532.0 1168.0 73.0 yen (comme ilz diſent en leurs canons) il conduit les

218.0 1591.0 1177.0 70.0 deux grans luminaires : le Soleil & la Lune de ce mõ¬

218.0 1651.0 1181.0 71.0 de, le ſpirituel & le temporel. (Et de fait les rayons du

221.0 1709.0 1181.0 73.0 Soleil luy ſortent par ſes yeux eſtincellans: & la Lune

217.0 1768.0 1186.0 71.0 luy eſt demeurée au cerueau) Au moyẽ dequoy il n’eſt

216.0 1829.0 1179.0 69.0 aucunement croyable qu’il ait fait telle faute par igno

221.0 1887.0 1177.0 71.0 rance, puis que toutes perſonnes de moyen ſauoir, voi

217.0 1945.0 1182.0 71.0 re les ſimples, (pourueu qu’elles ne ſoyent point deſti¬

218.0 2002.0 1177.0 64.0 tuées de lumiere naturele) en connoiſſent la verité: Il

218.0 2063.0 1176.0 70.0 s’enſuiuroit donc que ce fuſt par vne grande & inuete

217.0 2120.0 1168.0 80.0 rée malice : A quoy aiſemẽt ie condeſcendroy, ſi ce n’e¬
