<?xml version="1.0" encoding="UTF-8"?>
<alto xmlns:xsi="http://www.w3.org/2001/XMLSchema-instance"
      xmlns="http://www.loc.gov/standards/alto/ns-v4#"
      xsi:schemaLocation="http://www.loc.gov/standards/alto/ns-v4# http://www.loc.gov/standards/alto/v4/alto-4-2.xsd">
  <Description>
    <MeasurementUnit>pixel</MeasurementUnit>
    <sourceImageInformation>
      <fileName>page_00037.png</fileName>
      <fileIdentifier>mets//page_00041.zip/page_00037.png</fileIdentifier>
    </sourceImageInformation>
  </Description>
  <Tags>
    <OtherTag ID="BT7" LABEL="CustomZone" DESCRIPTION="block type CustomZone"/><OtherTag ID="BT8" LABEL="DamageZone" DESCRIPTION="block type DamageZone"/><OtherTag ID="BT9" LABEL="DigitizationArtefactZone" DESCRIPTION="block type DigitizationArtefactZone"/><OtherTag ID="BT10" LABEL="DropCapitalZone" DESCRIPTION="block type DropCapitalZone"/><OtherTag ID="BT11" LABEL="GraphicZone" DESCRIPTION="block type GraphicZone"/><OtherTag ID="BT12" LABEL="MainZone" DESCRIPTION="block type MainZone"/><OtherTag ID="BT13" LABEL="MarginTextZone" DESCRIPTION="block type MarginTextZone"/><OtherTag ID="BT14" LABEL="MusicZone" DESCRIPTION="block type MusicZone"/><OtherTag ID="BT15" LABEL="NumberingZone" DESCRIPTION="block type NumberingZone"/><OtherTag ID="BT17" LABEL="QuireMarksZone" DESCRIPTION="block type QuireMarksZone"/><OtherTag ID="BT18" LABEL="RunningTitleZone" DESCRIPTION="block type RunningTitleZone"/><OtherTag ID="BT19" LABEL="SealZone" DESCRIPTION="block type SealZone"/><OtherTag ID="BT20" LABEL="StampZone" DESCRIPTION="block type StampZone"/><OtherTag ID="BT21" LABEL="TableZone" DESCRIPTION="block type TableZone"/><OtherTag ID="BT22" LABEL="TitlePageZone" DESCRIPTION="block type TitlePageZone"/><OtherTag ID="BT2695" LABEL="MainZone-P" DESCRIPTION="block type MainZone-P"/><OtherTag ID="BT2696" LABEL="MainZone-Continued" DESCRIPTION="block type MainZone-Continued"/>
    <OtherTag ID="LT7" LABEL="CustomLine" DESCRIPTION="line type CustomLine"/><OtherTag ID="LT8" LABEL="DefaultLine" DESCRIPTION="line type DefaultLine"/><OtherTag ID="LT9" LABEL="DropCapitalLine" DESCRIPTION="line type DropCapitalLine"/><OtherTag ID="LT10" LABEL="HeadingLine" DESCRIPTION="line type HeadingLine"/><OtherTag ID="LT11" LABEL="InterlinearLine" DESCRIPTION="line type InterlinearLine"/><OtherTag ID="LT12" LABEL="MusicLine" DESCRIPTION="line type MusicLine"/>
  </Tags>
  <Layout>
    <Page WIDTH="1466"
          HEIGHT="2342"
          PHYSICAL_IMG_NR="34"
          ID="eSc_dummypage_">
      <PrintSpace HPOS="0"
                  VPOS="0"
                  WIDTH="1466"
                  HEIGHT="2342">
        <TextBlock HPOS="54.0"
                   VPOS="97.0"
                   WIDTH="1217.0"
                   HEIGHT="2112.0"
                   ID="eSc_textblock_3728667b"
                   TAGREFS="BT2696">
          <Shape><Polygon POINTS="54 97 54 2209 1271 2209 1271 97"/></Shape>
          <TextLine ID="eSc_line_9390af2c"
                    TAGREFS="LT8"
                    BASELINE="79 158 1277 174" 
                    HPOS="78.0"
                    VPOS="107.0"
                    WIDTH="1199.0"
                    HEIGHT="88.0">
            <Shape><Polygon POINTS="1264 128 1251 128 1238 128 1229 128 1183 135 1042 134 1024 124 1016 124 1003 124 1002 124 979 132 955 123 951 123 938 123 925 123 912 123 899 122 895 122 884 130 872 122 860 122 847 122 834 122 831 121 824 123 809 121 808 121 795 121 782 121 769 121 756 119 743 119 730 119 717 119 704 119 678 128 614 128 579 117 574 117 561 117 548 117 535 117 522 115 511 115 493 126 423 126 406 114 404 114 394 114 376 118 365 113 365 113 352 113 346 113 311 123 192 123 174 110 170 110 160 109 132 121 109 109 105 109 92 109 91 107 79 107 79 158 78 176 102 174 130 179 147 182 148 182 149 182 156 179 173 173 182 179 184 182 186 182 187 182 225 183 299 184 300 184 318 180 346 175 365 182 378 186 380 186 381 187 449 187 449 186 450 186 458 183 471 178 527 183 578 188 579 188 626 184 647 183 682 186 752 189 753 189 755 189 761 186 773 180 976 182 992 188 999 191 1001 191 1002 191 1003 191 1011 188 1025 184 1049 189 1078 195 1079 195 1134 189 1171 187 1274 191 1277 174 1275 128 1264 128"/></Shape>
	    <String CONTENT="les femmes de leurs ſubietz, furẽt chaſſez &amp; priuez de"
                    HPOS="78.0"
                    VPOS="107.0"
                    WIDTH="1199.0"
                    HEIGHT="88.0"
                    WC="0.9974282524802468"></String>
          </TextLine>
          <TextLine ID="eSc_line_89e76b49"
                    TAGREFS="LT8"
                    BASELINE="80 217 816 225 1265 236" 
                    HPOS="79.0"
                    VPOS="171.0"
                    WIDTH="1186.0"
                    HEIGHT="86.0">
            <Shape><Polygon POINTS="80 193 80 217 79 231 104 240 105 240 106 240 197 236 209 243 210 243 212 243 213 243 415 238 467 236 605 240 606 242 615 248 617 248 618 248 619 248 649 243 661 240 682 243 738 251 739 251 774 245 788 243 800 245 824 252 825 252 826 252 860 247 878 244 906 248 949 253 950 253 951 253 953 253 959 249 967 244 999 244 1100 245 1110 252 1115 256 1117 256 1118 256 1182 257 1183 257 1184 257 1186 257 1191 253 1199 248 1262 255 1265 236 1264 200 1176 189 1175 189 1174 189 1145 197 1144 197 1117 188 1115 188 1114 188 1113 188 1085 196 1027 189 1025 189 951 193 912 183 911 183 910 183 848 193 846 193 843 193 811 183 809 183 808 183 747 188 650 179 649 179 506 188 498 188 496 188 458 176 456 176 455 176 454 176 453 176 437 187 436 188 387 188 376 187 300 179 299 179 248 184 246 184 244 184 210 173 209 173 208 173 143 183 140 183 138 183 96 171 95 171 93 171 92 171 91 171 87 173 80 193"/></Shape>
	    <String CONTENT="leur Royaume : &amp; combien que quelque tems apres,"
                    HPOS="79.0"
                    VPOS="171.0"
                    WIDTH="1186.0"
                    HEIGHT="86.0"></String>
          </TextLine>
          <TextLine ID="eSc_line_9cb2386c"
                    TAGREFS="LT8"
                    BASELINE="82 278 1273 290" 
                    HPOS="80.0"
                    VPOS="234.0"
                    WIDTH="1193.0"
                    HEIGHT="78.0">
            <Shape><Polygon POINTS="80 291 101 301 102 301 104 301 145 294 368 304 369 304 588 297 600 304 601 304 602 304 604 304 631 299 641 307 643 307 644 307 645 307 686 299 744 308 746 308 874 300 985 300 1007 310 1009 310 1010 310 1085 303 1141 312 1143 312 1272 303 1273 290 1272 257 1081 256 1076 253 1061 244 1059 244 1058 244 1020 252 1010 253 990 251 947 245 946 245 945 245 943 245 937 249 930 253 857 248 826 247 825 247 818 248 800 252 782 247 762 242 761 242 760 242 718 245 670 251 637 244 610 239 609 239 563 243 488 249 459 240 449 238 447 238 346 236 270 236 269 236 264 236 220 247 162 235 160 235 158 235 157 235 118 245 83 234 82 278 80 291"/></Shape>
	    <String CONTENT="ayans mis de l’eau en leur vin (comme on dit en pro¬"
                    HPOS="80.0"
                    VPOS="234.0"
                    WIDTH="1193.0"
                    HEIGHT="78.0"
                    WC="0.9977475301577494"></String>
          </TextLine>
          <TextLine ID="eSc_line_00a6e207"
                    TAGREFS="LT8"
                    BASELINE="79 335 1272 352" 
                    HPOS="78.0"
                    VPOS="288.0"
                    WIDTH="1194.0"
                    HEIGHT="82.0">
            <Shape><Polygon POINTS="79 335 78 347 175 360 177 361 270 361 270 360 272 360 292 352 305 361 307 361 308 361 354 363 355 363 527 355 628 366 630 366 725 361 735 368 736 368 738 368 829 369 830 369 831 369 867 360 887 360 903 370 904 370 906 370 907 370 908 370 936 361 945 368 946 368 947 368 949 368 986 361 998 370 999 370 1001 370 1002 370 1044 363 1269 364 1272 352 1272 316 1231 304 1230 304 1229 304 1227 304 1200 316 1199 316 1139 316 1137 314 1088 301 1087 301 1085 301 1084 301 1083 301 1070 309 1027 303 1025 303 1024 303 1001 313 998 313 992 313 900 299 899 299 824 310 817 310 738 310 736 309 719 296 718 296 717 296 716 296 714 296 682 308 680 309 631 309 624 308 553 295 445 292 443 292 442 292 441 292 421 304 420 305 363 305 355 304 262 290 261 290 260 290 240 296 231 290 230 290 229 290 141 288 140 288 139 288 118 300 79 300 79 335"/></Shape>
	    <String CONTENT="uerbe ) ilz ayent eſté rappelez par l’interceſsion de"
                    HPOS="78.0"
                    VPOS="288.0"
                    WIDTH="1194.0"
                    HEIGHT="82.0"
                    WC="0.9890342972896717"></String>
          </TextLine>
          <TextLine ID="eSc_line_d1184c5c"
                    TAGREFS="LT8"
                    BASELINE="78 395 1272 412" 
                    HPOS="78.0"
                    VPOS="351.0"
                    WIDTH="1194.0"
                    HEIGHT="82.0">
            <Shape><Polygon POINTS="78 395 78 415 158 408 169 416 170 416 171 416 173 416 174 416 216 413 223 417 229 420 230 420 231 421 481 421 481 420 483 420 506 413 541 421 562 425 563 425 565 425 572 421 581 416 598 421 610 425 611 425 687 426 688 426 690 426 700 422 719 416 899 417 938 425 964 430 966 430 986 426 998 424 1002 426 1010 431 1011 431 1012 431 1111 433 1113 433 1114 433 1124 428 1135 422 1196 422 1206 429 1214 433 1216 433 1217 433 1218 433 1219 433 1225 429 1232 425 1269 429 1272 412 1270 377 1148 376 1145 373 1132 365 1131 365 1130 365 1128 365 1127 365 1109 373 1104 374 1064 374 1062 372 1049 363 1048 363 1046 363 1045 363 986 368 973 361 972 361 971 361 908 366 839 360 838 360 837 360 821 366 812 370 802 366 790 361 788 361 787 361 786 361 777 365 774 366 755 365 686 359 684 359 683 359 682 359 675 364 667 369 631 369 621 363 613 356 611 356 610 356 524 355 523 355 492 359 453 365 424 359 423 359 421 359 355 364 326 356 315 352 313 352 312 352 311 352 309 352 305 355 294 363 227 356 226 356 170 361 78 351 78 395"/></Shape>
	    <String CONTENT="leurs amis, toutes-fois ilz receurent ceſte ſeignée com"
                    HPOS="78.0"
                    VPOS="351.0"
                    WIDTH="1194.0"
                    HEIGHT="82.0"
                    WC="0.9980076508862632"></String>
          </TextLine>
          <TextLine ID="eSc_line_7c0c3ae3"
                    TAGREFS="LT8"
                    BASELINE="75 455 1270 472" 
                    HPOS="74.0"
                    VPOS="411.0"
                    WIDTH="1196.0"
                    HEIGHT="82.0">
            <Shape><Polygon POINTS="75 455 74 467 259 481 377 482 378 482 380 482 408 473 429 482 430 482 432 482 490 476 540 484 541 484 580 476 597 484 598 484 688 486 690 486 691 486 713 477 802 477 826 489 828 489 829 489 872 482 882 489 884 489 885 489 994 491 995 493 1028 493 1028 491 1029 491 1046 482 1109 489 1110 489 1269 484 1270 472 1269 424 1179 433 1128 422 1126 422 1124 422 1123 422 1122 422 1087 431 1037 431 1016 422 1010 420 1009 420 904 418 903 418 902 418 891 421 876 426 867 421 863 418 861 418 860 418 799 416 757 416 756 416 755 416 746 421 735 426 710 421 682 415 680 415 623 420 609 413 608 413 606 413 565 420 555 421 550 420 535 415 533 415 532 415 531 415 516 420 509 422 484 420 412 411 411 411 365 418 304 412 303 412 302 412 286 418 282 420 276 418 239 412 238 412 236 412 221 418 220 418 212 418 122 412 121 412 75 417 75 455"/></Shape>
	    <String CONTENT="me par purgation meritoire. Mais Childeric ſecond"
                    HPOS="74.0"
                    VPOS="411.0"
                    WIDTH="1196.0"
                    HEIGHT="82.0"
                    WC="0.9986532245363507"></String>
          </TextLine>
          <TextLine ID="eSc_line_a52f3661"
                    TAGREFS="LT8"
                    BASELINE="75 513 1269 530" 
                    HPOS="74.0"
                    VPOS="471.0"
                    WIDTH="1195.0"
                    HEIGHT="83.0">
            <Shape><Polygon POINTS="75 513 74 529 95 539 96 539 97 539 235 532 257 530 261 532 286 542 287 542 289 542 397 533 406 533 408 533 442 545 443 545 445 545 446 545 463 537 492 542 493 542 528 536 581 546 635 547 636 547 637 547 652 539 662 547 663 547 665 547 717 549 718 549 719 549 744 538 815 547 816 547 817 547 843 539 859 550 860 550 861 550 900 551 902 551 1080 542 1083 542 1084 542 1154 554 1156 554 1157 554 1186 545 1222 551 1223 551 1268 543 1269 530 1266 489 1182 493 1171 486 1165 482 1163 482 1162 482 1161 482 1117 486 1080 489 1074 485 1070 482 1068 482 1067 482 966 482 964 482 951 484 903 489 891 482 884 478 882 478 881 478 852 482 837 484 826 481 809 477 808 477 710 477 709 477 696 480 673 485 645 478 626 474 624 474 623 474 610 478 592 484 572 477 563 474 562 474 561 474 527 477 460 482 440 476 428 472 427 472 425 472 372 473 371 473 369 473 368 474 356 481 251 473 234 472 233 472 225 472 166 478 75 471 75 513"/></Shape>
	    <String CONTENT="fut recompenſé par vn plus grief loyer, ayant eſté tué"
                    HPOS="74.0"
                    VPOS="471.0"
                    WIDTH="1195.0"
                    HEIGHT="83.0"
                    WC="0.98923049788726"></String>
          </TextLine>
          <TextLine ID="eSc_line_77e51e3e"
                    TAGREFS="LT8"
                    BASELINE="76 572 1266 589" 
                    HPOS="76.0"
                    VPOS="529.0"
                    WIDTH="1190.0"
                    HEIGHT="85.0">
            <Shape><Polygon POINTS="76 572 76 590 166 590 178 592 208 598 209 598 210 598 225 593 229 592 239 593 276 598 277 598 312 593 328 592 330 594 338 599 339 599 341 599 342 599 404 594 430 593 453 595 523 603 524 603 525 603 542 595 545 595 618 595 622 597 636 606 637 606 639 606 640 606 691 601 717 607 718 607 719 608 783 608 783 607 785 607 804 599 805 598 807 599 821 608 822 608 824 608 920 610 921 611 963 611 963 610 964 610 981 601 982 601 1081 601 1087 602 1175 614 1176 614 1265 603 1266 589 1265 558 1154 556 1148 554 1078 541 1014 541 1012 541 1011 541 986 551 984 551 981 550 949 541 947 541 946 541 945 541 924 549 916 552 907 549 884 538 882 538 736 537 735 537 734 537 716 545 705 550 652 550 637 542 636 542 635 542 634 542 615 542 490 546 477 539 475 537 473 537 472 537 471 537 447 538 368 545 354 536 352 536 351 536 350 536 345 536 311 541 286 534 269 530 268 530 266 530 265 530 257 534 249 538 239 533 230 529 229 529 227 529 204 533 157 541 138 532 132 529 131 529 130 529 76 529 76 572"/></Shape>
	    <String CONTENT="auec ſa femme enceinte: par Bodelle gentil-homme"
                    HPOS="76.0"
                    VPOS="529.0"
                    WIDTH="1190.0"
                    HEIGHT="85.0"></String>
          </TextLine>
          <TextLine ID="eSc_line_33d69a7f"
                    TAGREFS="LT8"
                    BASELINE="76 632 1264 647" 
                    HPOS="75.0"
                    VPOS="586.0"
                    WIDTH="1189.0"
                    HEIGHT="84.0">
            <Shape><Polygon POINTS="76 632 75 646 96 655 97 655 98 655 100 655 132 647 175 655 177 655 229 649 274 659 276 659 371 650 398 658 399 658 401 658 464 651 514 660 791 666 792 666 867 657 887 667 889 667 890 668 937 668 937 667 938 667 966 658 1064 670 1066 670 1262 660 1264 647 1262 612 1209 612 1208 611 1192 603 1191 603 1189 603 1150 610 1145 610 1144 610 1132 601 1131 601 1130 601 1128 601 1127 601 1105 608 1098 610 1042 610 1038 607 1028 599 1027 599 1025 599 1024 599 972 606 954 607 940 605 908 598 907 598 860 603 831 606 822 602 809 597 808 597 807 597 748 601 684 605 627 598 594 594 593 594 592 594 585 597 572 602 492 595 451 592 450 592 410 593 276 599 249 589 247 589 246 589 200 589 199 589 197 589 175 598 76 586 76 632"/></Shape>
	    <String CONTENT="de cœur, pour la cruauté commiſe enuers luy, de l’a¬"
                    HPOS="75.0"
                    VPOS="586.0"
                    WIDTH="1189.0"
                    HEIGHT="84.0"
                    WC="0.9983004297850266"></String>
          </TextLine>
          <TextLine ID="eSc_line_7810f8a5"
                    TAGREFS="LT8"
                    BASELINE="78 690 1266 709" 
                    HPOS="76.0"
                    VPOS="644.0"
                    WIDTH="1190.0"
                    HEIGHT="87.0">
            <Shape><Polygon POINTS="78 690 76 705 842 727 843 727 844 727 859 720 1097 731 1098 731 1143 723 1264 723 1266 709 1265 671 1214 671 1209 670 1193 660 1192 660 1191 660 1189 660 1166 668 1161 670 1144 668 1096 663 1094 663 1058 667 1038 668 1023 666 972 657 971 657 893 663 868 666 860 663 838 654 837 654 835 654 757 662 735 663 716 660 654 651 591 651 589 651 588 651 566 658 557 660 549 658 536 653 535 653 533 653 532 653 515 657 502 660 427 660 415 655 391 647 390 647 303 646 302 646 300 646 299 646 289 653 282 657 239 657 233 653 220 646 218 646 217 646 216 646 200 651 192 654 183 651 156 644 154 644 153 644 78 649 78 690"/></Shape>
	    <String CONTENT="uoir fait foüetter ignominieuſement de verges ſans"
                    HPOS="76.0"
                    VPOS="644.0"
                    WIDTH="1190.0"
                    HEIGHT="87.0"
                    WC="0.9989691481870764"></String>
          </TextLine>
          <TextLine ID="eSc_line_6b132e5c"
                    TAGREFS="LT8"
                    BASELINE="75 749 1265 767" 
                    HPOS="75.0"
                    VPOS="703.0"
                    WIDTH="1190.0"
                    HEIGHT="90.0">
            <Shape><Polygon POINTS="75 749 75 770 411 770 429 774 458 781 459 781 460 781 492 775 497 774 502 775 523 781 524 781 525 781 527 781 542 775 549 772 561 775 588 781 589 781 680 779 756 787 757 787 822 778 837 776 895 776 900 779 938 789 940 789 1074 791 1075 791 1076 791 1078 791 1088 783 1101 792 1102 792 1104 792 1179 793 1180 793 1264 781 1265 767 1265 735 1123 732 1123 731 1109 722 1107 722 1106 722 1105 722 1062 729 1035 729 761 727 756 724 736 719 735 719 734 719 733 719 718 724 717 724 714 724 682 713 680 713 648 711 647 711 645 711 624 720 587 710 585 710 584 710 583 710 549 720 545 722 539 720 481 709 382 707 381 707 380 707 378 707 364 718 363 718 361 718 338 707 337 707 244 705 243 705 192 713 160 703 158 703 157 703 75 711 75 749"/></Shape>
	    <String CONTENT="authorité de iuſtice. Il s’en pourroit reciter d’autres"
                    HPOS="75.0"
                    VPOS="703.0"
                    WIDTH="1190.0"
                    HEIGHT="90.0"
                    WC="0.9916144513658115"></String>
          </TextLine>
          <TextLine ID="eSc_line_cc37d338"
                    TAGREFS="LT8"
                    BASELINE="75 809 1264 827" 
                    HPOS="74.0"
                    VPOS="765.0"
                    WIDTH="1190.0"
                    HEIGHT="84.0">
            <Shape><Polygon POINTS="75 809 74 822 158 823 191 834 192 834 193 834 294 827 371 836 372 836 407 828 429 836 430 836 432 836 548 834 764 844 765 844 766 844 768 844 782 835 811 835 825 844 826 844 828 844 829 844 894 837 923 847 924 847 925 848 1003 848 1003 847 1005 847 1020 839 1111 839 1130 849 1131 849 1132 849 1175 840 1261 840 1264 827 1262 793 1120 792 1117 789 1096 779 1094 779 1093 779 1092 779 1070 788 1067 791 1024 791 947 787 947 785 925 776 924 776 923 776 921 776 898 785 893 787 887 785 877 780 876 780 874 780 854 784 839 787 666 783 662 780 648 772 647 772 575 771 574 771 572 771 550 778 537 781 523 778 499 770 498 770 434 770 433 770 432 770 430 770 423 775 415 780 391 775 365 768 364 768 338 774 333 774 328 774 294 767 292 767 291 767 274 772 255 778 231 771 212 766 210 766 165 766 164 766 162 766 156 770 145 775 128 768 115 765 114 765 113 765 75 767 75 809"/></Shape>
	    <String CONTENT="des Rois poſez en monaſtere pour meſme cauſe: mais"
                    HPOS="74.0"
                    VPOS="765.0"
                    WIDTH="1190.0"
                    HEIGHT="84.0"
                    WC="0.9986461341381073"></String>
          </TextLine>
          <TextLine ID="eSc_line_0fbdc96a"
                    TAGREFS="LT8"
                    BASELINE="71 869 1261 887" 
                    HPOS="70.0"
                    VPOS="827.0"
                    WIDTH="1191.0"
                    HEIGHT="86.0">
            <Shape><Polygon POINTS="71 869 70 884 321 888 417 901 419 901 420 901 454 892 479 899 480 899 481 899 574 893 600 904 601 904 602 904 691 897 729 905 730 905 731 905 753 897 770 905 772 905 1009 910 1010 910 1068 901 1089 912 1091 912 1175 913 1176 913 1260 902 1261 887 1260 856 1189 854 1189 853 1175 843 1174 843 1173 843 1135 840 1134 840 1132 840 1091 852 1088 852 921 850 917 848 882 836 881 836 828 835 826 835 761 845 751 847 743 845 706 834 705 834 704 834 630 843 615 844 609 843 578 831 576 831 532 831 531 831 529 831 512 840 509 843 412 843 406 839 398 832 397 832 395 832 394 832 368 837 361 839 352 837 313 827 312 827 311 827 71 831 71 869"/></Shape>
	    <String CONTENT="ie les laiſſeray pour le preſent, &amp; diray, que depuis"
                    HPOS="70.0"
                    VPOS="827.0"
                    WIDTH="1191.0"
                    HEIGHT="86.0"
                    WC="0.9949418193889115"></String>
          </TextLine>
          <TextLine ID="eSc_line_ecc7ea5f"
                    TAGREFS="LT8"
                    BASELINE="74 928 1261 947" 
                    HPOS="72.0"
                    VPOS="880.0"
                    WIDTH="1189.0"
                    HEIGHT="90.0">
            <Shape><Polygon POINTS="74 928 72 942 157 943 179 952 180 952 182 952 183 952 204 945 321 945 333 955 334 955 335 955 337 955 424 949 434 956 436 956 437 956 438 956 483 952 583 962 584 962 690 957 700 964 701 964 703 964 794 965 795 965 867 956 887 966 889 966 947 968 949 968 950 968 951 968 968 957 999 957 1029 969 1031 969 1163 970 1165 970 1166 970 1184 961 1260 961 1261 947 1260 899 1229 899 1227 899 1226 899 1225 899 1206 910 1097 910 1059 896 1058 896 1057 896 1055 896 1007 908 967 900 966 900 936 906 919 895 917 895 916 895 915 895 785 904 740 891 739 891 738 891 736 891 735 891 717 904 686 904 648 889 647 889 645 889 644 889 643 889 622 902 587 902 576 893 575 893 574 893 572 893 541 900 498 887 497 887 496 887 427 896 412 886 411 886 410 886 408 886 358 897 313 884 312 884 204 883 203 883 201 883 173 893 134 882 132 882 74 880 74 928"/></Shape>
	    <String CONTENT="Charles Martel ou Pepin ſon fils,nul de noz Rois s’eſt"
                    HPOS="72.0"
                    VPOS="880.0"
                    WIDTH="1189.0"
                    HEIGHT="90.0"></String>
          </TextLine>
          <TextLine ID="eSc_line_a6c55219"
                    TAGREFS="LT8"
                    BASELINE="72 987 1260 1005" 
                    HPOS="71.0"
                    VPOS="943.0"
                    WIDTH="1189.0"
                    HEIGHT="88.0">
            <Shape><Polygon POINTS="72 987 71 1003 190 1004 190 1005 214 1014 216 1014 217 1014 218 1014 248 1007 295 1014 296 1014 373 1008 374 1008 410 1018 411 1018 412 1018 544 1013 561 1020 562 1020 563 1020 565 1020 566 1020 578 1012 589 1020 591 1020 592 1020 667 1022 669 1022 704 1016 764 1023 765 1023 817 1014 968 1016 1005 1027 1006 1027 1007 1027 1089 1018 1174 1030 1175 1031 1239 1031 1239 1030 1240 1030 1258 1020 1260 1005 1258 970 1027 968 1020 965 989 956 988 956 986 956 946 964 938 965 936 964 929 958 928 958 926 958 925 958 833 961 820 953 818 953 817 953 816 953 815 953 787 961 785 961 775 961 705 953 704 953 703 953 683 958 675 961 673 958 667 955 666 955 665 955 663 955 587 957 535 958 524 956 497 948 496 948 494 948 430 955 421 955 410 953 351 947 350 947 348 947 337 952 331 956 285 956 270 951 243 944 242 944 240 944 184 949 180 949 179 949 156 943 154 943 153 943 152 943 140 949 134 952 127 948 117 944 115 944 114 944 72 947 72 987"/></Shape>
	    <String CONTENT="tant desbordé que de ſe vouloir donner licence tyran"
                    HPOS="71.0"
                    VPOS="943.0"
                    WIDTH="1189.0"
                    HEIGHT="88.0"
                    WC="0.9867164177714653"></String>
          </TextLine>
          <TextLine ID="eSc_line_937f9fed"
                    TAGREFS="LT8"
                    BASELINE="71 1046 1255 1065" 
                    HPOS="70.0"
                    VPOS="1000.0"
                    WIDTH="1185.0"
                    HEIGHT="91.0">
            <Shape><Polygon POINTS="71 1046 70 1060 151 1073 152 1073 153 1073 175 1064 286 1070 287 1070 289 1070 308 1065 348 1074 350 1074 351 1074 373 1066 401 1077 402 1077 403 1077 404 1077 432 1069 466 1078 467 1078 468 1078 539 1069 553 1076 554 1076 555 1076 604 1072 637 1079 639 1079 640 1079 734 1077 781 1083 782 1083 908 1076 919 1082 920 1082 921 1082 923 1082 977 1077 989 1085 990 1085 992 1085 1098 1089 1100 1089 1157 1079 1173 1090 1174 1090 1175 1090 1176 1091 1219 1091 1219 1090 1221 1090 1253 1079 1255 1065 1253 1031 1182 1031 1178 1029 1147 1017 1145 1017 1096 1016 1094 1016 1038 1025 1018 1016 1016 1016 943 1014 942 1014 887 1023 874 1025 869 1022 856 1017 855 1017 854 1017 829 1022 820 1023 816 1021 799 1013 798 1013 796 1013 795 1013 775 1021 774 1021 773 1021 748 1013 747 1013 746 1013 744 1013 731 1018 719 1010 718 1010 717 1010 716 1010 714 1010 701 1017 636 1010 635 1010 634 1010 621 1017 615 1021 575 1021 557 1016 512 1007 511 1007 510 1007 481 1014 466 1018 393 1014 390 1013 377 1004 376 1004 374 1004 373 1004 372 1004 354 1012 343 1016 290 1016 282 1010 272 1003 270 1003 269 1003 268 1003 266 1003 249 1009 238 1014 164 1014 153 1008 140 1000 139 1000 138 1000 136 1000 71 1005 71 1046"/></Shape>
	    <String CONTENT="nique : &amp; celuy qui en a le plus approché a eſté Loys"
                    HPOS="70.0"
                    VPOS="1000.0"
                    WIDTH="1185.0"
                    HEIGHT="91.0"></String>
          </TextLine>
          <TextLine ID="eSc_line_ee969552"
                    TAGREFS="LT8"
                    BASELINE="76 1105 1256 1124" 
                    HPOS="76.0"
                    VPOS="1065.0"
                    WIDTH="1180.0"
                    HEIGHT="81.0">
            <Shape><Polygon POINTS="76 1105 76 1121 138 1121 140 1121 167 1130 169 1130 170 1130 218 1124 243 1131 244 1131 246 1131 318 1126 347 1133 348 1133 350 1133 454 1126 456 1126 460 1126 669 1138 670 1138 726 1130 727 1130 781 1137 782 1137 848 1133 861 1141 863 1141 864 1141 865 1141 975 1134 1002 1143 1003 1143 1005 1144 1057 1144 1057 1143 1058 1143 1059 1143 1072 1135 1171 1146 1173 1146 1255 1137 1256 1124 1256 1090 1096 1089 1093 1086 1081 1077 1080 1077 1079 1077 1078 1077 1044 1082 1003 1076 884 1074 882 1074 881 1074 880 1074 868 1082 826 1074 825 1074 786 1082 781 1082 778 1081 753 1072 752 1072 751 1072 690 1079 680 1081 678 1079 667 1073 666 1073 665 1073 663 1073 662 1073 652 1078 600 1070 598 1070 549 1078 542 1078 537 1077 499 1068 498 1068 391 1066 390 1066 389 1066 358 1074 352 1076 348 1074 328 1065 326 1065 325 1065 324 1065 299 1073 295 1074 285 1073 246 1068 244 1068 76 1069 76 1105"/></Shape>
	    <String CONTENT="vnzieme, lequel au moyen de l’auſterité de ſes meurs"
                    HPOS="76.0"
                    VPOS="1065.0"
                    WIDTH="1180.0"
                    HEIGHT="81.0"
                    WC="0.9863689350632002"></String>
          </TextLine>
          <TextLine ID="eSc_line_e730f73f"
                    TAGREFS="LT8"
                    BASELINE="71 1164 1256 1185" 
                    HPOS="70.0"
                    VPOS="1117.0"
                    WIDTH="1186.0"
                    HEIGHT="87.0">
            <Shape><Polygon POINTS="71 1164 70 1180 147 1187 148 1187 191 1182 209 1180 213 1182 221 1189 222 1189 223 1189 225 1189 264 1184 281 1181 305 1184 368 1191 369 1191 407 1185 417 1184 429 1185 464 1193 466 1193 467 1193 493 1186 496 1186 503 1186 589 1195 591 1195 592 1195 610 1187 613 1187 618 1189 665 1197 666 1197 725 1191 735 1198 736 1198 738 1198 739 1198 740 1198 761 1190 762 1190 882 1190 887 1191 925 1200 926 1200 928 1200 954 1193 956 1193 968 1193 1107 1204 1109 1204 1255 1197 1256 1185 1256 1148 1222 1137 1221 1137 1219 1137 1218 1137 1189 1147 1182 1150 1014 1147 1006 1142 990 1133 989 1133 988 1133 958 1131 956 1131 908 1138 786 1129 785 1129 783 1129 782 1129 772 1135 760 1143 738 1143 692 1142 675 1133 658 1126 657 1126 656 1126 654 1126 639 1133 626 1137 609 1131 588 1125 587 1125 585 1125 584 1125 571 1130 552 1138 528 1129 520 1126 519 1126 518 1126 503 1129 468 1135 453 1128 446 1124 445 1124 443 1124 442 1124 434 1126 414 1137 367 1137 321 1124 320 1124 318 1124 317 1124 255 1133 193 1121 192 1121 191 1121 167 1128 149 1118 145 1117 144 1117 71 1117 71 1164"/></Shape>
	    <String CONTENT="&amp; licentieux commandemens, ſuſcita à l’encontre de"
                    HPOS="70.0"
                    VPOS="1117.0"
                    WIDTH="1186.0"
                    HEIGHT="87.0"
                    WC="0.9970062456878961"></String>
          </TextLine>
          <TextLine ID="eSc_line_7f835286"
                    TAGREFS="LT8"
                    BASELINE="69 1224 1249 1243" 
                    HPOS="67.0"
                    VPOS="1178.0"
                    WIDTH="1182.0"
                    HEIGHT="89.0">
            <Shape><Polygon POINTS="69 1224 67 1238 121 1250 122 1250 165 1241 204 1241 235 1241 251 1252 252 1252 253 1252 255 1252 315 1243 394 1254 395 1254 437 1245 438 1245 441 1245 541 1258 542 1258 617 1247 619 1247 623 1247 699 1260 700 1260 850 1251 854 1251 855 1251 887 1262 889 1262 890 1262 932 1252 960 1264 962 1264 1092 1267 1093 1267 1156 1256 1247 1256 1249 1243 1248 1208 1068 1206 1064 1204 1012 1193 798 1191 796 1191 795 1191 781 1199 778 1200 775 1199 764 1193 762 1193 761 1193 730 1198 722 1199 717 1198 696 1190 695 1190 693 1190 692 1190 675 1197 673 1198 667 1197 641 1190 640 1190 639 1190 571 1195 545 1197 541 1194 531 1187 529 1187 528 1187 462 1184 460 1184 415 1190 285 1181 283 1181 282 1181 265 1189 261 1191 148 1191 134 1187 97 1178 96 1178 95 1178 69 1185 69 1224"/></Shape>
	    <String CONTENT="luy vne guerre ciuile qu’on appela du bien commun."
                    HPOS="67.0"
                    VPOS="1178.0"
                    WIDTH="1182.0"
                    HEIGHT="89.0"
                    WC="0.9914287889003753"></String>
          </TextLine>
          <TextLine ID="eSc_line_94bfc8c2"
                    TAGREFS="LT8"
                    BASELINE="67 1284 1249 1305" 
                    HPOS="66.0"
                    VPOS="1236.0"
                    WIDTH="1183.0"
                    HEIGHT="91.0">
            <Shape><Polygon POINTS="67 1284 66 1295 200 1307 201 1307 270 1302 285 1301 291 1302 318 1310 320 1310 321 1310 322 1310 339 1303 343 1302 348 1303 378 1312 380 1312 381 1312 441 1306 458 1305 471 1307 511 1315 512 1315 554 1308 561 1308 567 1310 598 1316 600 1316 601 1316 619 1311 627 1308 654 1311 703 1318 704 1318 705 1318 716 1314 726 1308 768 1315 805 1320 807 1320 912 1319 1100 1315 1247 1327 1249 1305 1249 1268 1170 1255 1141 1255 1140 1255 1139 1255 1137 1255 1124 1264 1022 1251 1020 1251 982 1259 954 1250 953 1250 848 1249 847 1249 846 1249 807 1259 805 1259 762 1259 703 1258 657 1245 656 1245 654 1245 653 1245 632 1255 553 1255 505 1242 503 1242 502 1242 456 1252 455 1252 454 1252 360 1239 359 1239 358 1239 326 1250 269 1250 252 1241 251 1241 249 1241 248 1241 229 1247 190 1237 188 1237 187 1237 121 1246 95 1236 93 1236 92 1236 91 1236 67 1245 67 1284"/></Shape>
	    <String CONTENT="Auſsi auoit-il porté inimitié mortelle à ſon Pere Char"
                    HPOS="66.0"
                    VPOS="1236.0"
                    WIDTH="1183.0"
                    HEIGHT="91.0"
                    WC="0.9839102636303818"></String>
          </TextLine>
          <TextLine ID="eSc_line_bf0beab0"
                    TAGREFS="LT8"
                    BASELINE="67 1341 1251 1362" 
                    HPOS="66.0"
                    VPOS="1294.0"
                    WIDTH="1185.0"
                    HEIGHT="91.0">
            <Shape><Polygon POINTS="67 1341 66 1355 180 1368 182 1368 273 1360 325 1360 339 1371 341 1371 342 1371 343 1371 403 1363 425 1372 427 1372 428 1372 518 1367 622 1376 623 1376 667 1368 700 1377 701 1377 805 1380 807 1381 864 1381 864 1380 865 1380 881 1372 1029 1384 1031 1385 1072 1385 1072 1384 1074 1384 1092 1375 1113 1385 1114 1385 1115 1385 1249 1376 1251 1362 1251 1327 1191 1318 1189 1318 1154 1324 1149 1324 1147 1323 1130 1315 1128 1315 1127 1315 1085 1321 1076 1323 1066 1321 1023 1311 995 1311 994 1311 993 1311 992 1311 980 1319 975 1321 907 1316 861 1314 860 1314 844 1315 809 1319 778 1314 747 1307 746 1307 716 1311 682 1316 643 1316 634 1310 631 1307 630 1307 628 1307 627 1307 626 1307 622 1308 609 1315 557 1307 545 1306 544 1306 542 1306 539 1307 515 1314 502 1306 501 1306 499 1306 498 1306 496 1306 394 1311 373 1302 367 1299 365 1299 364 1299 363 1299 356 1302 335 1310 231 1298 214 1297 213 1297 212 1297 209 1298 187 1306 153 1297 152 1297 151 1297 149 1297 122 1306 67 1294 67 1341"/></Shape>
	    <String CONTENT="les ſeptieme, ſe ioignant auec ſes ennemis, &amp; n’a point"
                    HPOS="66.0"
                    VPOS="1294.0"
                    WIDTH="1185.0"
                    HEIGHT="91.0"
                    WC="0.9870000319047407"></String>
          </TextLine>
          <TextLine ID="eSc_line_6a571404"
                    TAGREFS="LT8"
                    BASELINE="67 1399 1251 1422" 
                    HPOS="66.0"
                    VPOS="1354.0"
                    WIDTH="1185.0"
                    HEIGHT="91.0">
            <Shape><Polygon POINTS="66 1418 124 1418 127 1418 152 1427 153 1427 154 1427 193 1419 199 1419 208 1420 273 1428 274 1428 276 1428 295 1422 300 1420 318 1422 415 1432 416 1432 476 1424 484 1424 486 1426 503 1432 505 1432 593 1435 594 1435 596 1435 619 1428 628 1436 630 1436 631 1436 716 1437 717 1437 752 1429 761 1428 769 1431 796 1439 798 1439 902 1441 903 1441 904 1441 926 1433 932 1432 967 1433 1061 1440 1062 1440 1091 1436 1104 1435 1106 1436 1119 1445 1120 1445 1122 1445 1123 1445 1249 1439 1251 1422 1251 1385 1195 1376 1193 1376 1130 1381 1126 1381 1114 1373 1113 1373 1111 1373 1110 1373 1053 1380 1041 1380 975 1380 971 1377 960 1371 959 1371 958 1371 956 1371 886 1375 861 1376 796 1372 671 1366 670 1366 653 1370 636 1372 593 1367 553 1363 552 1363 525 1366 486 1370 470 1364 462 1362 460 1362 459 1362 446 1363 417 1368 401 1362 395 1360 394 1360 393 1360 382 1362 354 1367 345 1360 343 1359 342 1359 341 1359 339 1359 312 1360 223 1364 210 1358 208 1357 207 1357 205 1357 204 1357 201 1357 187 1362 123 1355 119 1355 118 1355 117 1355 92 1362 69 1354 67 1399 66 1418"/></Shape>
	    <String CONTENT="euité la preſumption d’auoir fait empoiſonner ſon fre"
                    HPOS="66.0"
                    VPOS="1354.0"
                    WIDTH="1185.0"
                    HEIGHT="91.0"
                    WC="0.9976839125156403"></String>
          </TextLine>
          <TextLine ID="eSc_line_f496a627"
                    TAGREFS="LT8"
                    BASELINE="69 1459 1251 1480" 
                    HPOS="67.0"
                    VPOS="1413.0"
                    WIDTH="1184.0"
                    HEIGHT="92.0">
            <Shape><Polygon POINTS="69 1459 67 1474 140 1483 141 1483 255 1479 282 1479 289 1480 324 1489 325 1489 326 1489 369 1483 377 1481 382 1483 408 1491 410 1491 411 1491 516 1487 572 1484 579 1488 592 1494 593 1494 807 1498 808 1498 867 1496 954 1491 1003 1491 1022 1500 1028 1502 1029 1502 1132 1504 1134 1504 1140 1502 1176 1494 1248 1505 1251 1480 1251 1448 1203 1437 1201 1437 1200 1437 1199 1437 1186 1445 1184 1445 1059 1444 1057 1441 1031 1428 1029 1428 1028 1428 973 1439 964 1432 963 1432 962 1432 960 1432 907 1437 882 1440 856 1440 851 1436 834 1426 833 1426 831 1426 830 1426 790 1432 775 1426 774 1426 773 1426 772 1426 751 1433 742 1437 731 1433 712 1424 710 1424 658 1422 657 1422 622 1429 601 1435 592 1429 580 1420 579 1420 578 1420 576 1420 575 1420 574 1420 562 1428 553 1435 512 1435 476 1433 466 1426 460 1422 459 1422 458 1422 456 1422 437 1424 402 1431 381 1423 364 1416 363 1416 289 1415 287 1415 286 1415 272 1420 248 1428 226 1419 214 1414 213 1414 212 1414 183 1418 162 1420 154 1416 144 1413 143 1413 141 1413 69 1414 69 1459"/></Shape>
	    <String CONTENT="re le Duc de Guyene. Auſsi les hiſtoires teſmoignent"
                    HPOS="67.0"
                    VPOS="1413.0"
                    WIDTH="1184.0"
                    HEIGHT="92.0"
                    WC="0.9746808421153289"></String>
          </TextLine>
          <TextLine ID="eSc_line_f048026f"
                    TAGREFS="LT8"
                    BASELINE="67 1518 770 1535 1249 1539" 
                    HPOS="66.0"
                    VPOS="1475.0"
                    WIDTH="1183.0"
                    HEIGHT="90.0">
            <Shape><Polygon POINTS="67 1518 66 1532 139 1536 156 1548 157 1548 158 1548 160 1548 222 1536 223 1536 249 1543 251 1543 252 1543 308 1539 328 1550 329 1550 330 1550 359 1552 360 1552 414 1543 497 1554 498 1554 499 1554 524 1547 565 1556 566 1556 623 1548 640 1557 641 1557 643 1557 693 1545 716 1557 717 1557 718 1557 719 1557 738 1549 768 1560 769 1560 770 1560 807 1552 837 1561 838 1561 839 1561 973 1550 975 1550 1027 1554 1041 1565 1042 1565 1044 1565 1045 1565 1248 1554 1249 1539 1249 1505 1219 1493 1218 1493 1217 1493 1161 1498 1139 1492 1137 1492 1136 1492 1081 1501 1003 1489 1002 1489 1001 1489 999 1489 984 1500 967 1488 966 1488 964 1488 963 1488 841 1497 839 1497 631 1481 630 1481 540 1484 539 1484 537 1484 527 1491 330 1479 329 1479 328 1479 308 1484 294 1475 292 1475 291 1475 290 1475 67 1481 67 1518"/></Shape>
	    <String CONTENT="en quel ſoupçon perplexité &amp; angoiſſe il paſſa ſes"
                    HPOS="66.0"
                    VPOS="1475.0"
                    WIDTH="1183.0"
                    HEIGHT="90.0"
                    WC="0.9929230614350393"></String>
          </TextLine>
          <TextLine ID="eSc_line_4ca2dca3"
                    TAGREFS="LT8"
                    BASELINE="66 1576 1247 1596" 
                    HPOS="65.0"
                    VPOS="1539.0"
                    WIDTH="1182.0"
                    HEIGHT="78.0">
            <Shape><Polygon POINTS="66 1576 65 1596 222 1595 302 1601 395 1608 397 1608 428 1602 442 1600 486 1602 617 1612 618 1612 680 1605 693 1604 729 1605 932 1617 933 1617 1032 1609 1035 1609 1244 1610 1247 1596 1245 1567 1045 1565 1044 1563 1016 1553 1015 1553 1014 1553 1012 1553 988 1562 988 1563 937 1563 934 1562 908 1552 907 1552 906 1552 904 1552 887 1561 886 1562 854 1562 851 1561 826 1548 825 1548 824 1548 822 1548 792 1556 766 1547 765 1547 764 1547 727 1552 688 1545 648 1545 647 1545 645 1545 644 1545 627 1557 626 1557 609 1549 608 1549 606 1549 574 1556 572 1556 570 1556 539 1545 537 1545 536 1545 535 1545 516 1554 516 1556 477 1556 476 1554 459 1541 458 1541 456 1541 455 1541 454 1541 423 1549 412 1541 411 1541 410 1541 408 1541 342 1547 302 1539 300 1539 66 1547 66 1576"/></Shape>
	    <String CONTENT="iours:comme ſes faux conſeillers furent ignominieu¬"
                    HPOS="65.0"
                    VPOS="1539.0"
                    WIDTH="1182.0"
                    HEIGHT="78.0"></String>
          </TextLine>
          <TextLine ID="eSc_line_d6196712"
                    TAGREFS="LT8"
                    BASELINE="69 1636 1243 1658" 
                    HPOS="67.0"
                    VPOS="1589.0"
                    WIDTH="1176.0"
                    HEIGHT="90.0">
            <Shape><Polygon POINTS="69 1636 67 1653 187 1653 214 1656 276 1664 277 1664 341 1658 356 1657 363 1658 387 1665 389 1665 390 1665 391 1665 407 1660 412 1657 417 1660 430 1666 432 1666 760 1673 761 1673 762 1673 779 1665 781 1665 878 1665 880 1666 899 1675 900 1675 902 1675 903 1675 930 1668 932 1668 933 1668 1001 1677 1002 1677 1003 1677 1032 1669 1033 1669 1035 1669 1054 1677 1055 1677 1057 1677 1102 1670 1104 1670 1114 1679 1115 1679 1117 1679 1118 1679 1242 1671 1243 1658 1243 1626 1173 1610 1171 1610 1170 1610 1169 1610 1150 1622 1149 1622 1062 1622 1059 1619 1033 1608 1032 1608 1031 1608 946 1615 923 1618 913 1615 889 1605 887 1605 886 1605 846 1613 833 1615 826 1613 812 1605 811 1605 809 1605 775 1610 760 1602 759 1602 757 1602 722 1609 695 1614 628 1614 611 1605 597 1600 596 1600 594 1600 550 1604 484 1610 417 1600 393 1596 391 1596 365 1599 281 1606 266 1600 265 1600 264 1600 231 1605 218 1596 217 1596 216 1596 214 1596 167 1604 136 1591 135 1591 134 1591 69 1589 69 1636"/></Shape>
	    <String CONTENT="ſement penduz apres ſa mort, &amp; ſon ſucceſſeur au Ro"
                    HPOS="67.0"
                    VPOS="1589.0"
                    WIDTH="1176.0"
                    HEIGHT="90.0"
                    WC="0.9903872539015377"></String>
          </TextLine>
          <TextLine ID="eSc_line_8878780d"
                    TAGREFS="LT8"
                    BASELINE="70 1696 1242 1718" 
                    HPOS="69.0"
                    VPOS="1651.0"
                    WIDTH="1173.0"
                    HEIGHT="91.0">
            <Shape><Polygon POINTS="70 1696 69 1718 84 1722 85 1722 87 1722 95 1720 110 1712 174 1720 195 1722 196 1722 209 1721 243 1714 322 1714 341 1722 350 1725 351 1725 352 1725 401 1722 481 1718 512 1723 553 1731 554 1731 686 1726 747 1723 755 1726 777 1735 778 1735 951 1738 953 1738 954 1738 971 1731 1033 1740 1035 1742 1072 1742 1072 1740 1074 1740 1075 1740 1091 1730 1092 1730 1096 1730 1140 1738 1141 1738 1143 1738 1158 1731 1239 1731 1242 1718 1242 1682 1221 1671 1219 1671 1218 1671 1176 1682 1173 1682 1128 1682 1126 1681 1105 1669 1104 1669 1102 1669 1046 1678 1037 1679 1032 1678 1002 1668 1001 1668 999 1668 960 1677 956 1677 955 1675 942 1666 941 1666 940 1666 938 1666 815 1673 777 1674 772 1671 757 1662 756 1662 755 1662 713 1662 712 1662 710 1662 696 1670 690 1673 680 1669 666 1664 665 1664 663 1664 640 1668 622 1671 589 1666 549 1661 548 1661 522 1665 514 1666 507 1665 484 1657 483 1657 481 1657 480 1657 466 1664 462 1665 453 1664 415 1656 414 1656 355 1661 338 1662 334 1661 328 1656 326 1656 325 1656 324 1656 322 1656 307 1660 287 1665 273 1658 272 1658 270 1658 269 1658 252 1658 141 1662 127 1656 117 1651 115 1651 114 1651 70 1653 70 1696"/></Shape>
	    <String CONTENT="yaume mourut à l’impourueu ſans lignée &amp; poſterité:"
                    HPOS="69.0"
                    VPOS="1651.0"
                    WIDTH="1173.0"
                    HEIGHT="91.0"
                    WC="0.9784011752517136"></String>
          </TextLine>
          <TextLine ID="eSc_line_07ce787c"
                    TAGREFS="LT8"
                    BASELINE="63 1752 1243 1777" 
                    HPOS="62.0"
                    VPOS="1713.0"
                    WIDTH="1181.0"
                    HEIGHT="89.0">
            <Shape><Polygon POINTS="63 1752 62 1768 152 1779 153 1779 247 1773 289 1782 290 1782 338 1777 436 1786 437 1786 479 1779 499 1787 501 1787 594 1789 596 1789 597 1789 622 1781 680 1781 700 1791 701 1791 703 1791 828 1789 871 1795 872 1795 929 1787 1085 1799 1087 1799 1179 1792 1201 1802 1203 1802 1204 1802 1242 1792 1243 1777 1243 1746 1123 1746 1118 1742 1105 1733 1104 1733 1102 1733 1101 1733 1042 1739 1019 1742 885 1740 876 1735 871 1731 869 1731 868 1731 867 1731 843 1734 811 1738 792 1733 770 1726 769 1726 768 1726 743 1731 730 1734 714 1730 684 1723 683 1723 682 1723 663 1729 647 1734 597 1733 588 1727 579 1722 578 1722 576 1722 575 1722 559 1726 540 1731 531 1725 527 1722 525 1722 524 1722 523 1722 522 1722 515 1725 502 1731 493 1725 486 1720 485 1720 484 1720 436 1718 434 1718 433 1718 421 1722 403 1729 364 1729 351 1721 348 1718 347 1718 346 1718 345 1718 343 1718 337 1720 312 1727 278 1727 260 1718 252 1714 251 1714 249 1714 234 1717 197 1725 167 1716 160 1713 158 1713 63 1713 63 1752"/></Shape>
	    <String CONTENT="tellement que tel Roy pour les voyes extraordinaires"
                    HPOS="62.0"
                    VPOS="1713.0"
                    WIDTH="1181.0"
                    HEIGHT="89.0"
                    WC="0.9971151317541416"></String>
          </TextLine>
          <TextLine ID="eSc_line_a91432c7"
                    TAGREFS="LT8"
                    BASELINE="63 1815 1244 1834" 
                    HPOS="62.0"
                    VPOS="1768.0"
                    WIDTH="1182.0"
                    HEIGHT="87.0">
            <Shape><Polygon POINTS="63 1815 62 1831 693 1847 695 1847 826 1842 847 1842 851 1842 873 1850 874 1850 876 1850 1137 1847 1203 1855 1204 1855 1243 1847 1244 1834 1244 1800 1193 1800 1191 1798 1157 1785 1156 1785 1154 1785 1091 1792 1067 1786 1066 1786 1064 1786 1063 1786 1042 1794 1035 1796 1025 1794 994 1783 993 1783 992 1783 990 1783 989 1783 976 1792 969 1796 932 1796 852 1795 837 1789 820 1782 818 1782 817 1782 759 1786 757 1786 756 1786 747 1779 746 1779 744 1779 743 1779 742 1779 726 1786 719 1787 708 1785 683 1779 682 1779 657 1783 635 1787 613 1782 588 1777 587 1777 568 1781 542 1787 531 1779 522 1774 520 1774 519 1774 518 1774 516 1774 499 1779 480 1785 464 1778 458 1776 456 1776 455 1776 433 1777 395 1781 382 1776 378 1774 377 1774 376 1774 374 1774 372 1776 361 1781 341 1774 329 1772 328 1772 326 1772 325 1772 320 1774 303 1783 242 1772 230 1770 229 1770 227 1770 222 1772 188 1782 164 1772 162 1772 63 1768 63 1815"/></Shape>
	    <String CONTENT="&amp; cruelles dont il vſa en l’adminiſtration de ſon Ro¬"
                    HPOS="62.0"
                    VPOS="1768.0"
                    WIDTH="1182.0"
                    HEIGHT="87.0"
                    WC="0.9983429773798529"></String>
          </TextLine>
          <TextLine ID="eSc_line_158b31b7"
                    TAGREFS="LT8"
                    BASELINE="66 1873 1244 1895" 
                    HPOS="66.0"
                    VPOS="1831.0"
                    WIDTH="1178.0"
                    HEIGHT="81.0">
            <Shape><Polygon POINTS="66 1873 66 1894 106 1887 136 1895 138 1895 139 1895 140 1895 156 1895 342 1891 463 1899 552 1904 553 1904 580 1900 604 1897 610 1900 618 1906 619 1906 621 1906 690 1907 691 1907 770 1902 808 1900 833 1903 898 1911 899 1911 959 1904 966 1904 982 1904 1122 1912 1123 1912 1243 1907 1244 1895 1244 1850 1184 1850 1183 1850 1182 1850 1180 1850 1162 1860 1037 1860 861 1856 833 1843 828 1842 826 1842 825 1842 816 1843 786 1850 773 1843 773 1842 772 1842 770 1842 769 1842 761 1842 721 1847 699 1842 691 1839 690 1839 688 1839 677 1841 621 1851 552 1851 525 1838 522 1837 520 1837 519 1837 494 1838 416 1843 390 1837 389 1837 387 1837 342 1846 289 1834 272 1831 184 1831 183 1831 182 1831 180 1831 179 1833 164 1843 138 1843 117 1831 115 1831 114 1831 66 1831 66 1873"/></Shape>
	    <String CONTENT="yaume, fut extraordinairement &amp; ſeuerement touché"
                    HPOS="66.0"
                    VPOS="1831.0"
                    WIDTH="1178.0"
                    HEIGHT="81.0"></String>
          </TextLine>
          <TextLine ID="eSc_line_3ada0657"
                    TAGREFS="LT8"
                    BASELINE="62 1932 1244 1954" 
                    HPOS="61.0"
                    VPOS="1887.0"
                    WIDTH="1183.0"
                    HEIGHT="91.0">
            <Shape><Polygon POINTS="62 1932 61 1945 127 1946 127 1947 144 1955 145 1955 147 1955 268 1952 286 1960 287 1960 289 1960 290 1960 311 1951 410 1960 411 1960 447 1954 449 1954 493 1965 494 1965 496 1965 537 1958 555 1967 557 1967 744 1969 746 1969 747 1969 770 1960 772 1960 826 1960 846 1962 966 1975 967 1975 1124 1968 1152 1967 1158 1968 1189 1978 1191 1978 1192 1978 1193 1978 1216 1969 1219 1968 1242 1969 1244 1954 1244 1921 1214 1908 1213 1908 1212 1908 1147 1920 1145 1920 1010 1919 1009 1917 992 1907 990 1907 989 1907 988 1907 986 1907 967 1917 966 1917 854 1916 852 1915 826 1900 825 1900 824 1900 777 1907 717 1899 716 1899 714 1899 695 1907 686 1899 684 1899 683 1899 682 1899 626 1910 621 1911 613 1910 544 1895 542 1895 490 1907 485 1908 479 1907 404 1893 403 1893 355 1898 299 1891 298 1891 296 1891 259 1903 256 1904 205 1904 203 1902 190 1891 188 1891 187 1891 87 1887 85 1887 84 1887 62 1898 62 1932"/></Shape>
	    <String CONTENT="de la main de Dieu. Toutes-fois l’exemple auenu de"
                    HPOS="61.0"
                    VPOS="1887.0"
                    WIDTH="1183.0"
                    HEIGHT="91.0"
                    WC="0.9853476059436798"></String>
          </TextLine>
          <TextLine ID="eSc_line_1a28cd2f"
                    TAGREFS="LT8"
                    BASELINE="59 1992 971 2012 1244 2012" 
                    HPOS="58.0"
                    VPOS="1946.0"
                    WIDTH="1186.0"
                    HEIGHT="94.0">
            <Shape><Polygon POINTS="61 1955 59 1992 58 2007 188 2016 190 2016 234 2011 248 2010 253 2011 270 2019 272 2019 273 2019 274 2019 300 2012 307 2011 324 2012 373 2019 374 2019 470 2015 497 2015 502 2016 525 2023 527 2023 528 2023 555 2018 562 2016 568 2018 623 2028 624 2028 917 2028 995 2036 997 2036 1057 2031 1078 2037 1079 2037 1080 2037 1119 2028 1120 2028 1184 2040 1186 2040 1243 2029 1244 2012 1244 1971 1120 1977 980 1968 979 1968 933 1973 843 1962 838 1962 837 1962 834 1962 796 1969 753 1960 747 1959 746 1959 744 1959 742 1959 725 1967 688 1967 667 1958 666 1958 665 1958 663 1958 657 1958 587 1965 554 1955 552 1955 550 1955 549 1955 541 1955 475 1963 460 1954 459 1954 458 1954 456 1954 453 1954 380 1959 339 1951 337 1951 335 1951 334 1951 313 1960 269 1950 268 1950 266 1950 264 1950 204 1958 193 1950 192 1950 191 1950 66 1946 61 1955"/></Shape>
	    <String CONTENT="noſtre tems ne doit eſtre enſeueli, de la magnanimité"
                    HPOS="58.0"
                    VPOS="1946.0"
                    WIDTH="1186.0"
                    HEIGHT="94.0"
                    WC="0.9959230378822044"></String>
          </TextLine>
          <TextLine ID="eSc_line_2b143bd8"
                    TAGREFS="LT8"
                    BASELINE="62 2050 1243 2073" 
                    HPOS="62.0"
                    VPOS="2005.0"
                    WIDTH="1181.0"
                    HEIGHT="93.0">
            <Shape><Polygon POINTS="62 2027 62 2050 62 2067 102 2067 104 2067 126 2079 127 2079 128 2079 173 2068 177 2068 184 2068 268 2077 269 2077 270 2077 292 2071 294 2071 433 2072 434 2073 451 2084 453 2084 454 2084 455 2084 456 2084 475 2077 490 2085 492 2085 493 2085 494 2085 516 2076 561 2084 562 2084 563 2084 585 2077 718 2090 719 2090 843 2081 847 2081 848 2081 893 2093 894 2093 963 2094 964 2094 966 2094 982 2086 995 2096 997 2096 998 2096 999 2096 1038 2090 1113 2098 1114 2098 1242 2088 1243 2073 1243 2033 1210 2027 1209 2027 1187 2032 1179 2033 1176 2032 1167 2025 1166 2025 1165 2025 1163 2025 1109 2031 1101 2031 1098 2031 1091 2024 1089 2024 1088 2024 1087 2024 844 2025 800 2025 796 2025 774 2018 773 2018 772 2018 733 2024 729 2024 727 2024 719 2016 718 2016 717 2016 716 2016 666 2023 661 2023 652 2023 587 2014 585 2014 477 2019 472 2019 456 2011 455 2011 454 2011 414 2018 412 2018 411 2018 322 2008 321 2008 320 2008 304 2015 249 2007 248 2007 195 2014 193 2014 192 2014 102 2005 101 2005 67 2011 62 2027"/></Shape>
	    <String CONTENT="&amp; grandeur de cœur de Iean de Poltrot, lequel eſmeu"
                    HPOS="62.0"
                    VPOS="2005.0"
                    WIDTH="1181.0"
                    HEIGHT="93.0"
                    WC="0.9897044207535538"></String>
          </TextLine>
          <TextLine ID="eSc_line_cd1654bb"
                    TAGREFS="LT8"
                    BASELINE="61 2107 792 2128 1244 2132" 
                    HPOS="59.0"
                    VPOS="2062.0"
                    WIDTH="1185.0"
                    HEIGHT="92.0">
            <Shape><Polygon POINTS="61 2107 59 2123 205 2126 207 2127 233 2135 234 2135 235 2135 425 2133 507 2144 509 2144 555 2136 585 2145 587 2145 734 2149 735 2149 774 2140 816 2150 817 2150 962 2154 963 2154 1243 2149 1244 2132 1244 2089 1199 2085 1197 2085 1196 2085 1188 2088 1154 2097 1094 2085 1089 2085 1088 2085 1083 2085 1014 2093 989 2084 980 2080 979 2080 977 2080 946 2083 865 2090 777 2083 775 2083 697 2086 679 2079 678 2079 677 2079 647 2085 632 2076 626 2072 624 2072 623 2072 622 2072 579 2075 505 2081 453 2072 424 2068 315 2066 313 2066 291 2070 272 2073 265 2070 260 2066 259 2066 257 2066 256 2066 216 2068 190 2070 186 2067 179 2062 178 2062 177 2062 175 2062 152 2067 130 2072 121 2066 117 2063 115 2063 114 2063 113 2063 61 2064 61 2107"/></Shape>
	    <String CONTENT="du ſeul zele du bien public, opprima l’affectateur de"
                    HPOS="59.0"
                    VPOS="2062.0"
                    WIDTH="1185.0"
                    HEIGHT="92.0"
                    WC="0.9915145950497322"></String>
          </TextLine>
          <TextLine ID="eSc_line_50b7c047"
                    TAGREFS="LT8"
                    BASELINE="61 2167 877 2191 1238 2192" 
                    HPOS="59.0"
                    VPOS="2119.0"
                    WIDTH="1179.0"
                    HEIGHT="109.0">
            <Shape><Polygon POINTS="59 2200 106 2196 117 2202 119 2205 121 2205 122 2205 123 2205 124 2205 131 2204 174 2191 230 2191 329 2200 330 2200 548 2198 587 2214 594 2217 596 2217 656 2220 657 2220 855 2220 900 2220 903 2222 919 2227 920 2227 921 2227 923 2227 924 2227 932 2222 954 2209 971 2209 1071 2226 1085 2227 1235 2228 1238 2192 1238 2148 1107 2145 1106 2145 1105 2145 1083 2155 1023 2142 1022 2142 1020 2142 1019 2142 1003 2154 976 2154 891 2152 868 2139 867 2139 865 2139 817 2149 764 2136 762 2136 761 2136 712 2146 666 2135 665 2135 663 2135 499 2141 434 2128 433 2128 432 2128 411 2136 393 2127 391 2127 390 2127 389 2127 363 2137 299 2137 269 2124 268 2124 266 2124 221 2133 205 2123 204 2123 203 2123 201 2123 114 2129 62 2119 61 2167 59 2200"/></Shape>
	    <String CONTENT="la tyrannie, deliurant noſtre Roy &amp; tous ſes fideles"
                    HPOS="59.0"
                    VPOS="2119.0"
                    WIDTH="1179.0"
                    HEIGHT="109.0"
                    WC="0.9893232228664252"></String>
          </TextLine>
        </TextBlock>
        <TextBlock HPOS="945.0"
                   VPOS="2206.0"
                   WIDTH="117.0"
                   HEIGHT="67.0"
                   ID="block_0"
                   TAGREFS="BT17">
          <Shape><Polygon POINTS="1062 2206 1062 2273 945 2273 945 2206"/></Shape>
          <TextLine ID="eSc_line_fab35a2e"
                    TAGREFS="LT8"
                    BASELINE="972 2260 1054 2253" 
                    HPOS="971.0"
                    VPOS="2226.0"
                    WIDTH="83.0"
                    HEIGHT="49.0">
            <Shape><Polygon POINTS="984 2256 971 2254 972 2260 972 2266 992 2265 995 2266 1016 2275 1018 2275 1019 2275 1020 2275 1054 2263 1054 2253 1050 2226 1031 2227 1029 2227 1028 2227 1028 2228 1024 2232 1012 2243 985 2244 984 2256"/></Shape>
	    <String CONTENT="E2"
                    HPOS="971.0"
                    VPOS="2226.0"
                    WIDTH="83.0"
                    HEIGHT="49.0"></String>
          </TextLine>
        </TextBlock>
      </PrintSpace>
    </Page>
  </Layout>
</alto>
