1466 2342
93.0 105.0 1182.0 84.0 gerées & executées: & n’eſtoit rien entrepris, fait &

87.0 161.0 1188.0 88.0 executé de conſequence au Royaume ſans telle aſſem¬

87.0 215.0 1187.0 90.0 blée & Parlement. Tiercement pour conſolidation &

88.0 277.0 1186.0 88.0 cõfirmation d’vne ſi louable entrepriſe, s’enſuiuit l'e¬

89.0 336.0 1183.0 89.0 rection & eſtabliſſement des douze Pairs de France:

87.0 395.0 1183.0 96.0 deſquelz combien que l’origine ſoit inconneüe, (com

85.0 456.0 1183.0 90.0 me de la plus part des choſes memorables & ancienes

88.0 511.0 1178.0 94.0 de la France, meſmes de l’origine & deſcente des Fran

91.0 573.0 1175.0 93.0 çois) toutes-fois on ne peut nier qu’il n’y ait de grans

84.0 632.0 1180.0 92.0 enſeignes que telz douze Pairs, qui eſtoyent Ducs &

83.0 690.0 1178.0 95.0 Comtes, ne tinſſent ce grand degré pres du Roy, pour

79.0 748.0 1183.0 93.0 aſsiſter aux conſeilz du Royaume: & ſans leſquelz il

78.0 811.0 1182.0 90.0 ne ſe pouuoit decider ni entreprendre aucune choſe

78.0 871.0 1180.0 89.0 de conſequence: & pour raiſon de ceſte grande autho¬

74.0 930.0 1181.0 90.0 rité ils s’appeloyent Pairs, comme qui diroit pareils

74.0 987.0 1182.0 92.0 au Prince ſouuerain: ou bien peres du peuple. Lequel

76.0 1047.0 1176.0 91.0 ordre pouuoit eſtre comparé à vn Senat de Sparte

74.0 1105.0 1175.0 94.0 eſtabli par Lycurgue, pour modifier la volonté des

71.0 1161.0 1176.0 94.0 Rois, & la reduire à la puiſſance de la loy & raiſon: ou

70.0 1220.0 1174.0 98.0 à celuy de Rome, lors que les Rois & Empereurs ne

66.0 1280.0 1178.0 93.0 decidoyent aucune choſe ſans vne ſi honorable aſsi¬

65.0 1336.0 1177.0 100.0 ſtence: ou bien au grand conſeil de Veniſe ordonné

70.0 1401.0 1169.0 91.0 pour ſemblable effet à l’entour de leur Duc. Et com¬

66.0 1458.0 1173.0 90.0 bien que de telles inſtitutions il ne nous en ſoit demeu

67.0 1514.0 1156.0 103.0 ré que l’vmbre (poſsible par la perſuaſion des flateurs,

67.0 1580.0 1168.0 91.0 qui ont voulu effacer tout l’ordre politic du Royau¬

61.0 1635.0 1162.0 94.0 me, & donner toute licence & abandon à noz Rois,

59.0 1696.0 1172.0 90.0 non pour le bien & auancemẽt d’iceux Rois, mais des

57.0 1752.0 1172.0 100.0 flateurs, qui par ce moyen ont penſé mieux faire leurs

53.0 1808.0 1177.0 100.0 beſoignes) toutes-fois encores telle vmbreiointe auec

49.0 1870.0 1178.0 98.0 le bon naturel de noz Rois & Princes, a iuſques à pre¬

50.0 1933.0 1179.0 95.0 ſent operé vn bon & vertüeux effet. Car en recapitu¬

49.0 1988.0 1177.0 101.0 lant le paſſé, & le comparant au preſent, les eſtatz qui

50.0 2046.0 1176.0 99.0 eſtoyent annüels en France, ſont hors d’vſage: & ne

50.0 2106.0 1172.0 104.0 ſe tienent quelques-fois en cent ou ſoixãte ans qu’vne
