1466 2342
160.0 119.0 1191.0 91.0 gocier, & autres mots de ſemblable ſignification: & a

162.0 178.0 1190.0 96.0 pris ſon origine des affaires eſquelles il y a pluſieurs

161.0 240.0 1191.0 91.0 articles & chapitres, ſur leſquels les parties accordan¬

162.0 300.0 1192.0 91.0 tes & tranſigeantes enſemble, on peut veritablement

162.0 357.0 1192.0 91.0 dire qu’elles capitulent, ou qu’elles ont capitulé. Or

166.0 413.0 1189.0 95.0 par telle explication il me ſemble que la verité ou faul

166.0 478.0 1184.0 81.0 ſeté de noſtre propoſition commence à ſe deſcouurir,

166.0 530.0 1195.0 94.0 connoiſſant que toute noſtre diſpute giſt, à ſauoir ſi

169.0 595.0 1191.0 89.0 les pactions, tranſactions, accords, negociatiõs, & con

171.0 654.0 1188.0 88.0 ſequemment les capitulations d’entre le Prince & ſes

173.0 711.0 1191.0 90.0 ſubiets doiuent eſtre interdites, ou ſont nulles: dont

174.0 772.0 1189.0 85.0 les ſaintes lettres, les hiſtoires prophanes, les loix Gre¬

178.0 837.0 1186.0 81.0 ques & Romaines, bref le droit naturel & des gens

178.0 892.0 1189.0 87.0 nous donnent certains exemples & teſmoignages. Et

184.0 952.0 1181.0 82.0 pour commencer par celuy qui eſt le plus ancien, les

184.0 1014.0 1184.0 80.0 hommes ſont créez & produits par nature pour vne

187.0 1069.0 1183.0 86.0 commune ſocieté & conuerſation, voire & des grans

187.0 1128.0 1187.0 85.0 auec les petis, & des riches auec les pauures, combien

188.0 1189.0 1184.0 84.0 que de leur premiere nature ils fuſſent tous eſgaux.

188.0 1242.0 1181.0 90.0 Mais depuis par le droit des gens & ciuil des nations,

186.0 1299.0 1191.0 93.0 ils ſe ſont inegalizez, c’eſt à dite agrãdiz ou abbaiſſez.

188.0 1362.0 1189.0 86.0 Et comme ſans icelle ſocieté & cõmunication l’hom¬

191.0 1418.0 1185.0 93.0 me ne peut viure ni cõſiſter: auſsi par icelle il a eſtably

191.0 1481.0 1190.0 89.0 les maiſons, les bourgs, les villages, les villes, les mai¬

193.0 1536.0 1188.0 83.0 ſtres, les magiſtrats, les Princes & Rois, les ſubiets, les

197.0 1599.0 1186.0 82.0 iuſticiables, les ſerfs, & pluſieurs autres choſes admira¬

197.0 1653.0 1186.0 90.0 bles & d’exellente induſtrie. Et pour icelles bien &

201.0 1717.0 1188.0 83.0 deüement exercer, ont eſté inuentez toutes ſortes de

203.0 1776.0 1187.0 83.0 contrats, achats, ventes, locatiõs, conductions, eſchan

209.0 1830.0 1181.0 94.0 ges, tranſactions, pactes & autres negociations: deſ¬

207.0 1902.0 1184.0 83.0 quelles ne ſe peuuent paſſer ceux qui viuent en com¬

205.0 1946.0 1189.0 96.0 munauté, de quelque qualité ou cõdition qu’ils puiſ¬

208.0 2008.0 1186.0 90.0 ſent eſtre: Mais plus les perſonnes ſont grandes & il¬

207.0 2070.0 1192.0 88.0 luſtres, plus elles ont de patrimoines, de biens, de reue¬

210.0 2132.0 1185.0 90.0 nu, d’adminiſtration & d’authorité: auſsi ont elles plus
