1466 2342
158.0 124.0 1181.0 77.0 pareil les Princes doux & fauorables ſont Rois à leurs

151.0 180.0 1193.0 81.0 ſubietz, & les cruelz leur ſont tyrãs. Ce progrez eſtant

157.0 240.0 1189.0 78.0 bien entẽdu eſclaircira aſſez que les capitulations d’en

157.0 297.0 1189.0 80.0 tre les Rois & leurs ſubietz, voire des affaires d’eſtat

160.0 361.0 1188.0 69.0 & de leur authorité, ne ſont point interdites, ne viti¬

161.0 420.0 1185.0 74.0 euſes: puis que la racine & fondement de la grandeur

161.0 480.0 1180.0 76.0 & puiſſance des Rois a pris origine par capitulation,

162.0 534.0 1185.0 78.0 election & gratification des peuples: & que leur char¬

167.0 594.0 1184.0 79.0 ge office & deuoir les conuie à ce faire: duquel ſi quel¬

167.0 654.0 1185.0 77.0 ques-fois les ſubietz les requierent, admoneſtent &

165.0 714.0 1187.0 77.0 ſupplient, ils ne le doiuent trouuer mauuais ni eſtran¬

173.0 772.0 1179.0 80.0 ge, mais le prendre en bonne part: & ne doiuent eſti¬

169.0 827.0 1181.0 77.0 mer que toutes choſes & bonnes & mauuaiſes indiffe¬

169.0 889.0 1183.0 76.0 remment leur ſoyent permiſes: comme graces à Dieu

171.0 949.0 1181.0 72.0 nous auons veu noſtre Royaume s’eſtre à touſiours,

174.0 1005.0 1183.0 78.0 ou la plus part du tems conduit & gouuerné, ſans eſtre

173.0 1065.0 1177.0 76.0 iamais tombé en ceſte licentieuſe & pernicieuſe peſte,

175.0 1125.0 1184.0 77.0 que les Rois ſe ſoyent iamais plus voulu attribuer que

177.0 1182.0 1178.0 78.0 les lois l’ont permis, & le conſeil l’a touué bon: à quoy

175.0 1242.0 1185.0 73.0 auſsi les ſubietz ont touſiours tenu la main. Ce qui a

175.0 1301.0 1184.0 72.0 fait que ceſte monarchie eſt entrée en l’an douze cens

180.0 1357.0 1180.0 78.0 de ſon aage, ſans s’eſtre iamais alterée, ou dementie du

182.0 1415.0 1177.0 78.0 titre de Royaume. Partant laiſſant à part telles gens

179.0 1478.0 1184.0 75.0 inuenteurs de paradoxes, comme abandonnez de tou

186.0 1535.0 1166.0 74.0 te raiſon, ie me veux adreſſer à mon Prince & Roy,

187.0 1595.0 1173.0 73.0 que ie voy & connoy eſtre de bon naturel & bien né.

188.0 1651.0 1169.0 76.0 Car combien qu’il ſoit enuironné de gens de conſcien

190.0 1707.0 1174.0 82.0 ce perdue, voire & eſlongnée de Dieu, & qu’il ſoit de¬

186.0 1770.0 1179.0 73.0 ſtitué de toutes perſonnes qui luy oſent franchement

192.0 1825.0 1173.0 79.0 dire la verité: toutes-fois en ſa grande ieuneſſe par vn

195.0 1884.0 1172.0 80.0 bon inſtinct naturel, & inſpiration diuine, il reſiſte au

195.0 1941.0 1175.0 83.0 mal, & fauoriſe le bien. Ie me veux auſsi adreſſer au

193.0 2005.0 1176.0 80.0 ſimple peuple, non piqué de mauuais zele, mais (com¬

203.0 2060.0 1165.0 84.0 me il eſt vray-ſemblable,) circonuenu par gens paſsi¬

201.0 2126.0 1164.0 96.0 onnez, qui ſement zizanies & contentions entre les
