1466 2342
92.0 96.0 1186.0 104.0 ieſté. Or que les Eſtatz, Parlemens, & Pairs le fiſſent,

97.0 163.0 1186.0 97.0 il eſt bien accordant à raiſon: autremẽt il n’euſt point

93.0 222.0 1189.0 92.0 fallu les aſſembler, mais ſeulement mettre par eſcrit la

97.0 282.0 1185.0 95.0 volonté du Roy : Mais qu’ils le fiſſent ils eſt aſſez teſ¬

95.0 343.0 1186.0 92.0 moigné par les hiſtoires, leſquelles nous certiffient

96.0 409.0 1189.0 89.0 qu’en tels tems les Rois portoyent ſi grand reſpet a tel

92.0 460.0 1186.0 94.0 les aſſemblées, qu’ilz n’entreprenoyent aucunes guer¬

92.0 521.0 1185.0 90.0 res, ne publioyent aucunes loix ou editz, n’impoſoyẽt

95.0 582.0 1183.0 90.0 aucunes leuées de deniers & n’entreprenoyent autres

95.0 636.0 1182.0 92.0 choſes appartenantes à la police publique ſans le bon

92.0 697.0 1185.0 95.0 & meur conſeil de l’vne des trois compagnies à la cen

92.0 755.0 1182.0 93.0 ſure deſquelles ſe moderoyent toutes les volõtez des

92.0 813.0 1185.0 96.0 Princes: Ioint que les Parlemens de maintenant, qui

89.0 875.0 1185.0 95.0 ne ſont qu’vne petite vmbre & apparence de ces grãs

92.0 934.0 1176.0 92.0 & illuſtres Parlemens, ne s’eſtonnent point de le faire,

92.0 988.0 1178.0 98.0 & le font par chacun iour. Car eſtant choſe receũe,

92.0 1053.0 1180.0 93.0 qu’aucune ordonnance n’a lieu, de quelque choſe que

92.0 1107.0 1177.0 96.0 ce ſoit, que elle ne paſſe par la Cour de Parlement, &

91.0 1171.0 1179.0 87.0 ne ſoit approuuée & publiée en icelle, nous voyons

89.0 1230.0 1177.0 91.0 auenir de iour en iour que telles Cours ſouuent reiet¬

84.0 1286.0 1176.0 99.0 tent & ne veulent approuuer les ordõnances ia faites,

84.0 1345.0 1182.0 91.0 & à eux enuoyées pour publier : ou quelques articles

84.0 1397.0 1180.0 107.0 d’icelles, leſquelz quelques-fois du tout ils reprouuẽt,

85.0 1461.0 1181.0 92.0 quelques-fois ilz modifient. Et qu’ainſi ſoit, de noſtre

83.0 1527.0 1181.0 88.0 tems, viuant & regnant le Roy Henry deuzieme de ce

83.0 1579.0 1179.0 95.0 nom, l’ordonnance qui fut enuoyée à la Cour de Par¬

84.0 1634.0 1180.0 101.0 lement de Paris (par laquelle le Roy mal perſuadé

87.0 1699.0 1174.0 96.0 par ceux meſmes qui ont inuenté le preſent parado¬

82.0 1759.0 1176.0 91.0 xe, vouloit introduire en ſon Royaume l’inquiſition

83.0 1815.0 1178.0 102.0 tyrãnique d’Heſpagne) fut refuſée: & fut reſpõdu que

79.0 1874.0 1178.0 97.0 la Cour ne pouuoit, ni deuoit faire publier icelle or¬

82.0 1930.0 1178.0 102.0 donnance : voire & quelque choſe que peuſt faire ia¬

82.0 1995.0 1178.0 94.0 mais ce plaiſant innouateur & paradoxeur par toutes

83.0 2051.0 1181.0 99.0 ſes menées, appuyées de la puiſſance du Roy, il ne peut

91.0 2109.0 1173.0 108.0 faire flechir la rondeur & integrité des iuges: combien

1062.0 2194.0 38.0 64.0 C
