1466 2342
95.0 104.0 1178.0 87.0 ſont à l’entour de luy, ſon Royaume en ſera plus ſeur,

100.0 166.0 1183.0 82.0 plus long, plus perdurable, & aſſeuré à luy & à ſa po¬

96.0 222.0 1190.0 88.0 ſterité. Toutes-fois tel conſeil n’eſt aucunement ſelon

97.0 288.0 1190.0 76.0 l’intẽtion du corrupteur de noz meurs : car il ne veut

97.0 343.0 1182.0 83.0 conſentir qu’aucun opine que ſelon l’appetit du Roy.

92.0 398.0 1190.0 80.0 Et de fait du viuant du feu Roy Henry deuzieme il ſe

92.0 460.0 1190.0 86.0 monſtra furieuſement offenſé des opinions qui cou¬

95.0 521.0 1186.0 78.0 royent au Parlement de Paris, au tems de la Mercu¬

96.0 576.0 1185.0 87.0 riale qu’il faiſoit tenir pour la punition des fideles &

92.0 637.0 1189.0 79.0 euangeliſtes: & perſuada au Roy d’aſsiſter à la conclu¬

89.0 696.0 1186.0 83.0 ſion, pour interuertir la reſolution qu’on voyoit à

89.0 754.0 1190.0 78.0 l’œil s’en deuoir enſuiure contre ſon entrẽpriſe. Or ne

95.0 813.0 1177.0 84.0 peut-il eſtõner ou faire flechir par la preſence du Roy

91.0 874.0 1184.0 79.0 & ſiene l’integrité des iuges: mais par deſpit, contre

88.0 932.0 1186.0 82.0 toute raiſon & iuſtice, fut cauſe de faire ieter & trainer

88.0 992.0 1182.0 81.0 tyranniquement en priſon pluſieurs bons & notables

92.0 1048.0 1168.0 81.0 conſeillers, & entre autres Fumée, de Foix, du Bourg

87.0 1103.0 1181.0 84.0 & du Faur, leſquelz ſans autre figure de procezil con¬

85.0 1164.0 1185.0 83.0 ſeilloit de faire executer promptement à mort, ſous ce

87.0 1225.0 1182.0 85.0 ſeul pretexte qu’ilz auoyent librement opiné en pre¬

91.0 1281.0 1178.0 87.0 ſence du Roy contre ſon intention: à fin de dõner vne

87.0 1345.0 1181.0 84.0 terreur perpetuelle à tous autres à l’auenir. Et cõbien

87.0 1402.0 1174.0 89.0 que tel auis fuſt rabatu par gens plus temperez, tou¬

85.0 1458.0 1179.0 81.0 tes-fois bien toſt apres tels priſonniers furent condam

83.0 1519.0 1190.0 83.0 nez en diuerſes peines de banniſſement & priuation

84.0 1575.0 1176.0 87.0 d’offices par iuges apoſtez: & le pauure Bourg à ſouf¬

82.0 1634.0 1179.0 87.0 frir mort par le feu:ce qu’il fit auec telle conſtance &

89.0 1694.0 1169.0 82.0 grace de Dieu, que le feu de ſon corps enflãba en l'eſ¬

88.0 1756.0 1172.0 79.0 prit de pluſieurs ignorans la lumiere euangelique: la¬

87.0 1811.0 1175.0 89.0 quelle s’eſt touſiours depuis augmentée à veüe d’œil

87.0 1870.0 1173.0 80.0 à la grande confuſion des ennemis de Dieu: comme

83.0 1928.0 1174.0 86.0 pareillement toutes les guerres que ſuſcite ce public

82.0 1993.0 1176.0 84.0 ennemy contre les fideles pour les exterminer, enfan¬

83.0 2045.0 1175.0 97.0 tent contraire effet à ſon intẽtion: car elles aguerriſ¬

78.0 2103.0 1182.0 110.0 ſent les fideles, les confirment & les augmentent: & à

988.0 2171.0 97.0 70.0 C 2
