1466 2342
175.0 128.0 1181.0 72.0 en ce tems combien proffiterent les eſtatz tenuz à

177.0 182.0 1178.0 79.0 Orleans, ſur leſquelz ont eſté faites pluſieurs ordon¬

175.0 244.0 1180.0 74.0 nances ſalubres au Royaume, & ouuers pluſieurs mo¬

179.0 300.0 1173.0 82.0 yens pour l’aquit du Roy, & pour l’vtilité publique:

179.0 363.0 1172.0 78.0 Quoy que ce ſoit, le peuple s’en alla tres-content d’a¬

177.0 420.0 1175.0 71.0 uoir eſté ouy & entendu par ſon Prince: & le Prince

175.0 480.0 1180.0 70.0 non moins ſatis-fait d’auoir connu la bonne volonté

177.0 537.0 1175.0 71.0 & affection de ſes ſubietz. Comme auſsi nous auons

175.0 597.0 1177.0 80.0 teſmoignage certain tant par les hiſtoires que par les

175.0 655.0 1176.0 80.0 expeditions miſes en lumiere, du fait & vtilité qu’ap¬

179.0 715.0 1176.0 73.0 porterent au Royaume les eſtatz tenuz à Tours au

177.0 772.0 1175.0 76.0 commencement du regne du Roy Charles huitieſme:

182.0 834.0 1177.0 74.0 par leſquelz non ſeulemenr fut eſtabli vn bon ordre

179.0 891.0 1177.0 78.0 politic pour le gouuernement du Roy mineur & du

177.0 948.0 1177.0 79.0 Royaume, mais auſsi furẽt adoulcies pluſieurs iuſsiõs

179.0 1012.0 1175.0 77.0 aigres & trop ſeueres du Roy Loys onzieme, par la

182.0 1068.0 1173.0 75.0 prudente modification des cerueaux ciuiliſez aſsiſtãs

182.0 1128.0 1175.0 74.0 aux eſtatz & conſeil eſtably pres le Roy, deſquelz le

182.0 1186.0 1178.0 78.0 peuple ne fut moins recrée qu’vn corps las & preſſé de

180.0 1247.0 1179.0 73.0 trop de peine eſt reſtauré par vn doux ſommeil, ou re¬

182.0 1302.0 1174.0 79.0 pos gracieux. Et pleuſt à Dieu que telles aſſemblées

179.0 1362.0 1184.0 74.0 fuſſent plus frequentes qu’elles ne ſont: car elles eſtein¬

180.0 1424.0 1181.0 73.0 droyent toutes les guerres & cõtentions ciuiles, quãd

182.0 1480.0 1179.0 72.0 il ſeroit donné bonne audiẽce au ſubiet par ſon Prince

182.0 1536.0 1179.0 76.0 comme à preſent elle luy eſt du tout deniée. Ie di d’a¬

184.0 1601.0 1180.0 77.0 uantage (qui ſert grandement à ce propos) que l’eſta¬

186.0 1657.0 1177.0 70.0 bliſſement de ce Royaume ayant ſi bien commencé, il

188.0 1718.0 1175.0 73.0 a encores mieux continué par quelques ſiecles. Car

188.0 1776.0 1177.0 72.0 auec les eſtatz, ou quelques-fois ſans iceux noz Rois

190.0 1835.0 1174.0 69.0 auoyent accouſtumé de conuoquer les Princes, Ba¬

190.0 1894.0 1174.0 75.0 rons, Seigneurs & les ſages de leur Royaume: (laquel¬

193.0 1951.0 1170.0 77.0 le cõuocatiõ ils appelloyẽt Parlemẽt) auec leſq̃ls ils

193.0 2010.0 1177.0 74.0 cõmuniquoyẽt toutes affaires d’eſtatz, accordoyẽt &

193.0 2071.0 1175.0 74.0 cæpituloyẽt d’icelles auec eux: en ſorte que toutes leurs

193.0 2129.0 1168.0 80.0 negociations & actions eſtoyent bien entendues, di¬
