1466 2342
70.0 98.0 1199.0 82.0 d’eſtre chaſſez de France: comme il eſtoit conclu, ſi le

66.0 158.0 1204.0 82.0 feu Roy de Nauarre Antoine euſt ſceu garder conſtan

67.0 219.0 1202.0 85.0 ce & fermeté en ſes deliberations. Mais quoy? (dira

67.0 278.0 1199.0 83.0 noſtre paradoxeur) par ce moyen le Roy ne ſera plus

69.0 335.0 1197.0 89.0 Roy: car il ne commandera pas ce qu’il voudra, il ne

67.0 396.0 1197.0 86.0 fera pas tout à ſon appetit, il aura des cõtrediſans, des

70.0 457.0 1196.0 84.0 correcteurs, des contrerolleurs, des pedagogues, des

70.0 513.0 1198.0 88.0 tuteurs & curateurs. Voila les paroles par leſquelles

69.0 572.0 1184.0 88.0 les flateurs ont accouſtumé de ſurprendre les ſimples,

66.0 636.0 1196.0 82.0 & corrompre les bons Princes: par leſquelles ilz cha¬

69.0 692.0 1193.0 87.0 touillent & piquent leur ſensüalité, & les eſloignent

67.0 749.0 1190.0 81.0 du droit chemin de raiſon. Mais combien que telles ſe

65.0 807.0 1192.0 89.0 ditieuſes paroles ayent eſmeu pluſieurs Rois contre

67.0 870.0 1189.0 87.0 leurs ſubietz, peres contre leurs enfans, capitaines con

65.0 928.0 1186.0 85.0 tre leurs ſoldatz, magiſtratz conte leurs iuſticiables,

65.0 984.0 1187.0 92.0 toutes-fois c’eſt lors que les ſuperieurs eloignez de la

65.0 1046.0 1183.0 83.0 raiſon ne veulent preſter l'oreille aux honneſtes, ver¬

62.0 1102.0 1185.0 82.0 tüeuſes & veritables remõſtrances de leurs inferieurs.

61.0 1160.0 1186.0 94.0 Mais ie reſpon à noſtre ſeducteur, & luy di que le Roy

59.0 1220.0 1186.0 86.0 ne delaiſſera d’eſtre Roy pour obeir à la raiſon, &

58.0 1285.0 1187.0 86.0 prendre en bonne part les remonſtrances & humbles

55.0 1337.0 1189.0 91.0 inſiſtances que luy feront ſes ſubietz de bonne ſorte

55.0 1396.0 1187.0 92.0 & auec la reuerence qu’ilz luy doiuent. Et ſe condui¬

54.0 1455.0 1186.0 94.0 ſant autrement, il ne feroit office de Roy, mais de ty¬

57.0 1518.0 1182.0 88.0 ran: car celuy eſt Roy qui regit & adminiſtre ſon ro¬

58.0 1575.0 1184.0 93.0 yaume auec regle prudence & conſeil, qui ne ſe croit

53.0 1630.0 1190.0 96.0 ſoy-meſme, n’obeit à ſes ſenſualitez, mais modere tou

55.0 1694.0 1183.0 89.0 tes choſes ſelon la raiſon: au contraire le tyran eſt ce¬

49.0 1755.0 1186.0 89.0 luy qui meſpriſe le conſeil, qui ne croit qu’à luy-meſ¬

49.0 1813.0 1186.0 90.0 me, obeiſſant à ſon appetit, & reiettant en arriere tou¬

50.0 1870.0 1182.0 92.0 te raiſon. S’il veut de Roy deuenir tyran, c’eſt l'inte¬

49.0 1926.0 1182.0 95.0 reſt des ſubietz, qui ont droit d’y contredire, & par

50.0 1994.0 1177.0 86.0 tous moyẽs s’eſſayer de maintenir leur Prince en Roy

50.0 2050.0 1179.0 87.0 & non en tyran, & procurer enuers luy qu’il ſoit ac¬

50.0 2109.0 1173.0 88.0 compagné d’vn bon conſeil, moderant toutes ſes acti¬

933.0 2183.0 94.0 87.0 D2
