1466 2342
93 105 1198 79 tres belles & loüables qualitez, qu’on a accouſtumé

93 161 1194 87 d’attribuer reciproquement au Roy & à ſes ſubiets:

91 223 1196 85 comme de pere & d’enfans, de tuteur & pupilles, de

97 286 1188 79 patron & cliens, de procureur & conſtituans, & plu¬

92 340 1193 86 ſieurs autres de ſemblable trame: leſquelles auſsi ne ſe

97 400 1189 86 peuuent çonſiderer entre les Princes & ſubiets, ſinon

92 461 1191 84 auec leurs effets: car tous tels noms ont eſté emprũtez

95 521 1186 82 de noz actions & negociations communes, pour faire

91 580 1192 80 entendre aux Princes & ſubiets que telles qualitez ne

95 636 1184 86 doiuent point eſtre oiſiues & infectueuſes, mais ſigni¬

91 693 1188 86 fiantes, & conuenantes à leurs offices. C’eſt à ſauoir

85 757 1194 86 les vns pour regir, procurer, cõmander, ſoigner, ſolici¬

84 815 1191 85 ter, veiller, negocier, fauoriſer, careſſer: les autres pour

85 869 1192 89 flechir: obeir, aider, applaudir, ſuiure, honorer, ſoula¬

91 932 1183 88 ger, amplifier, & autres ſemblables effets, que les grans

82 990 1192 87 & les petis, les pauures & riches, les peres & fils, les tu¬

82 1051 1190 84 teurs & pupilles, les cliens & patrons, les procureurs

82 1107 1190 87 & conſtituans ſe doiuent les vns aux autres: & partãt

80 1164 1189 90 ne ſe peut douter que les Princes & ſubietz n’ayent

80 1224 1182 91 enſemblément pluſieurs negociations & capitulations,

79 1289 1189 83 tant naturelles que ciuiles: & qui dira autrement: il ſe

82 1342 1184 93 monſtre ignorant de tout droit naturel & politic. Car

80 1406 1185 85 nature a engendré mutüellement les pere & fils l’vn

80 1462 1184 90 pour l’autre: & eſtabli les grans pour les petis, les puiſ¬

79 1519 1169 94 ſans pour les impuiſſans, les doctes pour les ignorans,

80 1576 1180 93 les prudens pour les ſimples, & reciproquement les

83 1639 1175 91 vns pour les autres: a fin que l’vn conferaſt ſon plus

76 1696 1184 91 excellent œuure & induſtrie, l’autre y apportaſt celle

72 1759 1185 88 que narure luy a donnée: tout ainſi qu’en vn corps hu

71 1813 1187 89 main le ſens & la raiſon, la chair & l’eſprit, la teſte &

69 1874 1192 91 Ies autres membres: entre leſquels encore qu’il y en ait

75 1934 1181 90 vn dominãt plus excellent & haut monté, toutes-fois

72 1993 1184 83 les inferieurs ne ſont point inutiles ne infructüeux aux

74 2051 1179 86 ſuperieurs. Car que feroit vne teſte ſans membres? à

76 2116 1177 93 qui commanderoit l’eſprit ſans corps? quel cours au¬
