1466 2342
188.0 93.0 1186.0 70.0 blables executions cruelles remarquées és vies des Em

195.0 153.0 1177.0 73.0 pereurs Romains pleines de commandemens & acti¬

191.0 213.0 1179.0 71.0 ons tyranniques. Mais elles peuuent tomber au cœur

188.0 274.0 1185.0 65.0 d’vn homme, puis qu’en pareil noſtre paradoxeur a

188.0 329.0 1185.0 67.0 bien oſé conſeiller à noſtre Roy de faire des veſpres Si

191.0 389.0 1182.0 71.0 cilienes de ceux de la religion reformée, voire ſans fai¬

191.0 452.0 1181.0 71.0 re eſpargne de ſexe ni d’aage : & que depuis que les

191.0 510.0 1182.0 68.0 Egliſes euangeliques ont eſté dreſſées en France, il a

190.0 571.0 1173.0 65.0 fait tuer par maſſacres inhumains en diuers preſches,

193.0 627.0 1175.0 74.0 par cõiurations des Papiſtes, cinq à ſix mil perſonnes.

193.0 688.0 1177.0 62.0 Il faut donc que chacun confeſſe que tel paradoxe ne

191.0 746.0 1178.0 64.0 ſortit jamais d’vn cœur vrayement François, & moins

195.0 804.0 1172.0 62.0 Chreſtiẽ: mais a pris ſource partie de la tradition Pa¬

192.0 863.0 1181.0 75.0 piſtique, partie des meurs Turquoiſes: qui ſont deux

191.0 922.0 1179.0 72.0 diuerſes effrenées tyrannies de ce tems, & plus abo¬

191.0 981.0 1179.0 72.0 minables qui iamais aupar-auant ayent eſté ni effe¬

192.0 1039.0 1180.0 76.0 ctuées, ni pourpẽſées: l’vne pour les choſes corporel¬

191.0 1099.0 1179.0 70.0 les, l’autre pour celles de l’eſprit & de l’ame. Car l’vn

191.0 1160.0 1181.0 70.0 fait mourir, ruiner, exterminer, hommes, femmes, vil¬

193.0 1219.0 1174.0 70.0 les, chaſteaux, peres, meres, fẽmes, enfans, freres, ſœurs,

193.0 1275.0 1175.0 75.0 & toutes autres choſes, ſans qu’on luy oſe dire pour¬

193.0 1337.0 1179.0 72.0 quoy fais-tu cela. L’autre s’en attribue autant pour le

192.0 1394.0 1181.0 73.0 regard de l’ame: tellement que les flateurs & adora¬

195.0 1454.0 1177.0 72.0 teurs du Pape ont oſé dire, voire & eſcrire pour cho-

195.0 1518.0 1178.0 65.0 ſe certaine, qu’il eſt en ſa puiſſance d’enuoyer les ames

196.0 1573.0 1177.0 66.0 des hommes par charretées en enſer. Et quand il le

196.0 1632.0 1177.0 72.0 voudroit faire pour ſon plaiſir, il n’y a perſonne qui

196.0 1690.0 1180.0 70.0 luy oſaſt dire, Pourquoy le fais-tu ainſi. Et combien

197.0 1749.0 1175.0 75.0 qu’aux gens de ſauoir & diſcours telles iactances Pa¬

200.0 1804.0 1176.0 78.0 pales ſoyent en riſée: toutes-fois elles tienẽt le peuple

196.0 1869.0 1178.0 70.0 rude & ſimple en extreme frayeur & tyrannie, tirans

197.0 1921.0 1176.0 77.0 & ſuçans leur ſubſtance, par bulles & indulgences,

197.0 1982.0 1180.0 75.0 pour euiter telles ridicules fulminations. Et de telle

196.0 2041.0 1180.0 73.0 fournaiſe eſt ſorti noſtre paradoxeur & ſes belles re¬

203.0 2097.0 1167.0 82.0 monſtrances: car il eſt vn de ſes principaux aſſeſſeurs:
