1466 2342
184.0 109.0 1181.0 79.0 roit la raiſon priuée de ſens? auſsi le Prince ſeroit inuti

184.0 167.0 1175.0 80.0 le & manchot ſans ſubietz, & les ſubietz ſans Prince,

183.0 230.0 1180.0 82.0 les mineurs ſans curateurs, & conſequemment de tous

184.0 295.0 1177.0 74.0 les autres. Tellement que ſi les vns d’entre eux, ou en¬

186.0 344.0 1177.0 82.0 ſemblément tous vouloyent meſpriſer les mutüelles

188.0 405.0 1175.0 82.0 functiõs à eux attribuées par nature, ils perdroyent &

190.0 465.0 1177.0 82.0 ruineroyent tout ordre naturel, & eux-meſmes: cõme

190.0 529.0 1175.0 78.0 ſi l’eſprit ne vouloit pas cõmãder à ſon corps, ni s’ai¬

193.0 584.0 1176.0 84.0 der de ſes organes, & empruntoit des eſtrangers: le

193.0 644.0 1175.0 82.0 corps meſpriſoit ſon eſprit, & s’addonnoit au ſeruice

196.0 701.0 1169.0 82.0 d’vn autre: la teſte ne faiſoit comte de ſes membres,

195.0 763.0 1172.0 76.0 les membres de leur teſte: la raiſon n’auoit point re¬

199.0 815.0 1170.0 87.0 gard à ſes ſens, & les laiſſoit à l’abandon, les ſens meſ¬

197.0 878.0 1175.0 83.0 priſoyent leur raiſon: ſeroit-ce pas vn droit chaös &

197.0 936.0 1176.0 84.0 confuſion? Voila donc cõme il eſt treſ-neceſſaire que

199.0 994.0 1168.0 76.0 chacun obeiſſe à ſon ordre naturel, & ſuiuant iceluy

201.0 1055.0 1173.0 82.0 ſe comporte en ſon eſtat. Auſsi le droit ciuil de toutes

201.0 1113.0 1173.0 82.0 nations imitant la nature, a eſtabli de certaines loix &

204.0 1171.0 1173.0 85.0 regles pour cõtenir vn chacun en ſon deuoir: les Rois

204.0 1233.0 1176.0 82.0 auec leurs ſubietz, les peres auec leurs fils, les tuteurs

204.0 1292.0 1176.0 80.0 & curateurs auec leurs pupilles, les patrons auec leurs

207.0 1350.0 1173.0 82.0 cliens, les procureurs auec leur couſtituans, & autres

208.0 1405.0 1173.0 86.0 ſemblables: leſquelles loix & regles tant naturelles

210.0 1471.0 1173.0 81.0 que ciuiles, ie ne ſay point comment nous pourrons

210.0 1530.0 1175.0 82.0 autrement appeller que capitulations mutũelles, arti¬

210.0 1587.0 1179.0 83.0 cles, contratz, pactions & obligations que les vns ont

208.0 1645.0 1183.0 81.0 reciproquement enuers les autres: pour leſquels ils ſe

212.0 1705.0 1177.0 78.0 peuuent mutũellement ſommer, & comme appeller

213.0 1760.0 1173.0 82.0 en droit de leur deuoir, non ſeulement deuant Dieu,

213.0 1820.0 1180.0 79.0 qui eſt iuge ſouuerain & vniuerſel, mais auſsi deuant

214.0 1877.0 1172.0 88.0 les hommes, chacun gardant le rang auquel il eſt col¬

214.0 1938.0 1179.0 83.0 loqué, le grand & Roy par commandement, le petit

212.0 1994.0 1183.0 79.0 & ſubiet par priere & requeſte. Or telles choſes eſtant

212.0 2057.0 1181.0 78.0 autant veritables comme elles ſont claires & notoires

214.0 2119.0 1173.0 75.0 à vn chacun, ie m’esbahi comment il y a aucuns tant
