1466 2342
186.0 111.0 1207.0 97.0 que luy-meſmes pour mieux venir au bout de toutes

188.0 169.0 1205.0 88.0 ſes entreprifes, euſt du tout corrompu le cours de ce

191.0 227.0 1202.0 98.0 Parlement, qu’il auoit diuiſé en ſemeſtres: à fin que ce

199.0 286.0 1192.0 97.0 qu’il ne pourroit obtenir en l’vn, il fit paſſer en l’au¬

195.0 346.0 1198.0 92.0 tre: mais pour ceſt effet les deux ſemeſtres ſe porterẽt

188.0 404.0 1199.0 98.0 de pareille iuſtice & equanimité, dont bien toſt apres

196.0 461.0 1191.0 103.0 luy-meſmes par deſpit fiſt rompre les ſemeſtres, que

197.0 519.0 1197.0 92.0 temerairement il auoit inuentez. Ie laiſſe vne iufinité

197.0 580.0 1194.0 95.0 d’autres ſemblables exemples: car telle voye eſt ſi ou¬

197.0 638.0 1198.0 98.0 uerte qu’il ne paſſe gueres ordonnance que le Parle¬

197.0 698.0 1197.0 90.0 ment ne face ou refus, ou modifieation, ou remonſtran

203.0 755.0 1192.0 97.0 ces au Roy. Voire & chacun peut ſauoir ce qui eſt eſ¬

207.0 815.0 1191.0 97.0 crit en noz hiſtoires de la declaration faite par icelle

205.0 876.0 1193.0 95.0 Cour au Roy Loys vnzieme, qu’elle endureroit plu¬

201.0 936.0 1197.0 93.0 ſtoſt priuation d’eſtatz & la mort, que de publier vne

207.0 991.0 1191.0 95.0 ordonnance qu’il vouloit ſaire authoriſer par force :

213.0 1048.0 1187.0 98.0 combien qu’il ait eſté le Roy le plus entier, difficile &

210.0 1111.0 1181.0 93.0 auſtere, qui ait regné depuis Pepin: & pource le Roy

210.0 1171.0 1185.0 94.0 fut contraint d’en paſſer par leur auis. Or ie voudroy

216.0 1233.0 1186.0 92.0 qu’à preſent noſtre paradoxeur nous diſt ſi ces grans

216.0 1290.0 1188.0 95.0 perſonnages & gens de foy ſincere, qui aiment mieux

216.0 1345.0 1191.0 97.0 ſouffrir la mort que ſous leur approbation il ſe publie

217.0 1401.0 1189.0 100.0 quelque choſe tyrannique, ſont rebelles au Roy, &

218.0 1462.0 1185.0 94.0 conuaincuz de crime de leze Maieſté. Et toutes-fois

223.0 1519.0 1183.0 96.0 ilz contrediſent à ſes volontez, ilz ſ'oppoſent à ſon

222.0 1579.0 1181.0 95.0 authorité, & (ſelon ſon auis) ils abbaiſſent ſa grandeur,

225.0 1639.0 1177.0 95.0 ilz diminuent ſa Maieſté, ilz capitulent auec luy, & luy

226.0 1699.0 1181.0 87.0 diſent: vous pouuez faire telle choſe & telle, mais nõ

229.0 1755.0 1179.0 96.0 telle & telle: voire des affaires d’eſtat, de police, de grã

229.0 1815.0 1178.0 98.0 deur & de ſon ſceptre. Or eſt-il beſoin qu’vn Roy,

231.0 1876.0 1180.0 92.0 connoiſſant à l’entour de luy telles gens, & tel ordre

233.0 1934.0 1178.0 95.0 de perſonnages, ne flechiſſans qu’à la vertu, s’eſtime

233.0 1992.0 1179.0 97.0 bien-heureux, & die comme Theopompe Roy de

234.0 2055.0 1178.0 95.0 Sparte, que par le moyen de telz correcteurs & emen

234.0 2114.0 1178.0 96.0 dateurs des deſordonnées volontez des flateurs qui
