1466 2342
212.0 104.0 1186.0 89.0 de Hebert, s’il tenoit noſtre Roy reſerré : ou bien de

212.0 163.0 1184.0 89.0 ſon pretendu predeceſſeur Pepin. Mais tout bon & lo

214.0 226.0 1184.0 84.0 yal ſubiet du Roy dira que ceux qui contrediront aux

212.0 284.0 1186.0 84.0 alien tions qu’auoyent fait les Rois Iean, Charles &

214.0 340.0 1184.0 89.0 François, ſont dignes de louenges immortelles, recom

216.0 402.0 1182.0 87.0 penſes & gratifications, & les autres dignes des pei¬

214.0 459.0 1186.0 87.0 nes ordonnées pour les conuaincuz de leze Maieſté:

220.0 520.0 1182.0 82.0 puis qu’ilz permirent & laiſſerent deſpouiller leurs

220.0 576.0 1182.0 87.0 Rois de leurs Royaumes : & toutes-fois ils obeiſſoyent

217.0 637.0 1185.0 87.0 à leurs volontez, & ſe ſoumettoyent à leur conſente¬

218.0 699.0 1185.0 82.0 mens, voire comme gents laſches, meſchans & con¬

218.0 753.0 1185.0 87.0 tempteurs du bien & de la fidelité deüe à leur Roy &

218.0 815.0 1185.0 80.0 au public : ainſi qu’ont fait de noſtre tems pluſieurs au¬

220.0 871.0 1180.0 82.0 tres inſideles Cõſeillers & Gouuerneurs de noz Rois,

221.0 931.0 1185.0 83.0 leſquelz leur ont conſeillé ou toleré tant de choſes in¬

222.0 988.0 1185.0 91.0 jurieuſes & pernicieuſes, que le Royaume en eſt tout

223.0 1048.0 1183.0 83.0 ruiné. Comme l’abandonnement de la Sauoye, Pied¬

222.0 1107.0 1185.0 83.0 mont, Breſſe, Luxembourg, & autres infinies belles &

223.0 1164.0 1184.0 88.0 fortes places, deſquelles le Royaume eſtoit fortifie &

226.0 1225.0 1182.0 85.0 borné. Et ie di que ce n’eſt pas aſſez à vn conſeiller : de

227.0 1284.0 1184.0 84.0 ne conſeiller point mal, mais il doit refiſter au mal qui

226.0 1344.0 1181.0 87.0 leur eſt apparent : n’eſtant point moindre faute de per

226.0 1406.0 1184.0 83.0 mettre qu’on face iniuſtice quand on la peut empeſ¬

227.0 1461.0 1183.0 82.0 cher, que de la faire. Par meſme moyen ie veux luy de

229.0 1519.0 1181.0 83.0 mander ce qu’il reſpondra de l’acte commis par les ha

229.0 1578.0 1177.0 86.0 bitans d’Orleans à leur Duc Loys, qui depuis fut Roy

230.0 1642.0 1177.0 76.0 douxieme de ce nom, quand ilz luy fermerent les por

231.0 1697.0 1177.0 77.0 tes, lors qu’il ſe vouloit renſermer en icelle ville, & en¬

234.0 1760.0 1176.0 81.0 treprendre vne guerre injuſte contre ſon Roy. Ie pen

233.0 1816.0 1174.0 83.0 ſe que pour la haine inueterée qu’il porte à telle ville,

234.0 1874.0 1179.0 80.0 à cauſe qu’elle eſt funebre à ſa maiſon & à toutes ſes en

235.0 1933.0 1176.0 83.0 trepriſes pernicieuſes, il la feroit voulontiers declai¬

234.0 1992.0 1178.0 68.0 rer rebelle d’auoir ainſi reſiſté à ſon Prince : Toutes¬

233.0 2053.0 1183.0 75.0 fois le Duc eſtant deuenu Roy loüa grandement la re

235.0 2114.0 1180.0 86.0 ſiſtance de telz bons citoyens, qui ne voulurent obeir

1139.0 2174.0 278.0 67.0 aux paſsions
