1466 2342
102.0 126.0 1188.0 56.0 de communication & participation en la ſocieté ciui¬

105.0 175.0 1187.0 72.0 le, & plus les affaires abondent à l’entour d’elles: pour

104.0 239.0 1188.0 68.0 Ieſquelles conſequẽment il leur eſt neceſſaire de plus

104.0 305.0 1186.0 64.0 ſouuent contracter, accorder, negocier, tranſiger &

105.0 364.0 1186.0 62.0 capituler que nuls autres: par-ce que nature n’eſt ia¬

105.0 417.0 1187.0 69.0 mais oiſiue à inuenter nouuelles affaires. Or n’y ayans

106.0 476.0 1185.0 69.0 aucuns plus grans à la ſocieté commune que les Rois

108.0 532.0 1180.0 71.0 & Princes, ce ſeroit choſe monſtrueuſe de dire qu’ils

105.0 590.0 1183.0 73.0 ſe puiſſent paſſer des contrats & negociations, ſans

105.0 653.0 1190.0 70.0 leſquels l’action de l’homme ne peut conſiſter: voire

108.0 711.0 1184.0 70.0 qu’il eſt neceſſaire que les contrats & negociations

105.0 771.0 1189.0 70.0 ſoyent plus frequentes entre eux & leurs ſubiets qu’a¬

109.0 830.0 1185.0 72.0 uec les eſtrangers: comme y ayant plus d’aſſaires auec

109.0 893.0 1183.0 65.0 ceux auec leſquels nous communiquons iournelle¬

108.0 952.0 1182.0 65.0 ment, qu’auec ceux qui nous ſont incõneuz, & eſlon¬

110.0 1007.0 1181.0 70.0 gnez de nous. Par ce moyen defendre aux Princes &

108.0 1065.0 1182.0 72.0 leurs ſubiets de contracter, tranſiger, & negocier en¬

109.0 1126.0 1182.0 68.0 ſemble, ce ſeroit par meſme moyen leur oſter la con¬

113.0 1187.0 1178.0 65.0 uerſation commune, & toute action de l’vn auec l’au¬

110.0 1239.0 1184.0 80.0 tre: & rompre la liaiſon de ſocieté publique ( choſe

115.0 1301.0 1179.0 71.0 plus mal aiſée à faire que de leur interdire l’eau & le

108.0 1360.0 1183.0 69.0 feu, comme on faiſoit ancienement aux baniz.) Les

110.0 1419.0 1180.0 72.0 Rois ont du domaine & patrimoine, ils ont des fermi¬

110.0 1479.0 1182.0 64.0 ers, des locateurs, des conducteurs: les Rois baſtiſſent

111.0 1535.0 1181.0 74.0 & ediſient maiſons, chaſteaux, palais & fortereſſes: il

109.0 1597.0 1182.0 73.0 faut que ce ſoit par maçons, charpentiers, & archite¬

111.0 1656.0 1177.0 70.0 ctes, de leurs ſubiets le plus ſouuent, & autres quel¬

110.0 1712.0 1180.0 70.0 ques fois: les Rois achetent & vendent, ils contractent

110.0 1777.0 1177.0 69.0 mariage, ont procez & differens auec leurs ſubiets, ils

108.0 1834.0 1179.0 72.0 tranſigent ſur iceux, & capitulent: ce qui ſe peut ampli

108.0 1893.0 1180.0 72.0 fier par toutes ſortes d’affaires & de negociatiõs: Com

106.0 1952.0 1180.0 68.0 mẽt donc eſt-ce qu’on oſe dire que les ſubiets ne peu¬

111.0 2012.0 1176.0 67.0 uẽt capituler auec leur Prince? Les ſaintes lettres nous

109.0 2070.0 1177.0 72.0 monſtrent les achats que fit Pharaon des biens de ſes

108.0 2126.0 1175.0 89.0 ſubiets, la priſe de la vigne de Nabot, & autres ſembla

990.0 2197.0 106.0 118.0 A 3
