1466 2342
182.0 105.0 1181.0 79.0 fois ou deux: & ceſt honorable conuoy des grans &

182.0 165.0 1183.0 78.0 Barons du Royaume, nommé Parlement, eſt du tout

183.0 222.0 1184.0 78.0 aſſopi: & au lieu d’iceluy, tel Parlement eſt reduit en

182.0 284.0 1181.0 76.0 forme de iuges, decidans des cauſes particulieres ſeu¬

184.0 340.0 1184.0 80.0 lement. Auſsi le rang & l’authorité des Pairs eſt du

186.0 402.0 1181.0 74.0 tout exterminée, & les noms d’iceux accommodez à

188.0 459.0 1181.0 80.0 quelques ſeigneurs, dont le Roy fait erection pluſtoſt

187.0 520.0 1180.0 78.0 à ſa volonté qu’à leur vray office & deuoir. Mais ce

187.0 580.0 1182.0 79.0 bon effet que ceſte vmbre retiẽt encores eſt, que tous

188.0 637.0 1182.0 79.0 les editz & ordonnances du Roy paſſent par l’alembic

190.0 699.0 1175.0 72.0 des Parlemens iudiciaires, meſmes de celuy de Paris,

191.0 757.0 1182.0 77.0 eſtimé la Cour de Paris: laquelle a touſiours retenu ce

192.0 817.0 1180.0 79.0 ſte dignité d’approuuer ou reprouuer les editz & or¬

193.0 878.0 1183.0 75.0 donnances, ou du tout, ou en partie, & leur donner

196.0 935.0 1178.0 77.0 cours & vigueur du iour de leur publication & appro

196.0 991.0 1178.0 70.0 bation. Or eſt-il tems de raiſonner & diſcourir ſur les

200.0 1052.0 1174.0 78.0 precedens exemples, auec ces notables fabricateurs

197.0 1115.0 1180.0 76.0 de paradoxes, non Pythagoriques, ou Stoiques, mais

200.0 1177.0 1178.0 70.0 Epicuriens: Si lors que noz bons anciens peres teno¬

204.0 1229.0 1177.0 77.0 yent les eſtatz, ou que le Parlement des Barons eſtoit

201.0 1286.0 1182.0 78.0 conuoqué: ou bien que les Pairs eſtoyẽt en leur throne

201.0 1345.0 1179.0 77.0 auec le Roy: les deſſus-nommez di-ie chacun en leur

201.0 1403.0 1179.0 81.0 rang & ordre, diſputoyent de quelque matiere d’eſtat,

203.0 1470.0 1179.0 73.0 comme de commencer on denoncer vne guerre, ou

204.0 1526.0 1179.0 75.0 accorder vne paix, ou impoſer quelque nouueau tri¬

207.0 1580.0 1169.0 76.0 but, ou faire autres editz & ordonnances: & les eſtats,

209.0 1638.0 1173.0 80.0 les Pairs, le Parlement, ou l’vn d’eux, euſſent reſiſté à

208.0 1699.0 1178.0 78.0 la volonté du Roy, & luy euſſent declaré par viues rai

212.0 1761.0 1173.0 76.0 ſons que ſon intention ne ſe pouuoit ni deuoit execu¬

210.0 1816.0 1172.0 81.0 ter ſelon droit & iuſtice: & ſur pluſieurs articles pro¬

210.0 1877.0 1176.0 79.0 poſez ils en accordoyent aucuns au Roy, & les autres

209.0 1936.0 1177.0 76.0 ils les diſcordoyent, c’eſtoit à la verité capituler auec

209.0 1992.0 1180.0 74.0 leur Prince: & pour auoir ainſi diſcordé, & rendu le

213.0 2051.0 1174.0 78.0 Roy flexible au point de la verité, ils ſeroyent donc

213.0 2113.0 1176.0 81.0 atteintz par noſtre paradoxeur de crime de leze Ma¬

1268.0 2166.0 121.0 64.0 ieſté.
