1466 2342
169.0 119.0 1179.0 80.0 l'oppoſite elles affoibliſſent & abbatent le Papiſme,

169.0 173.0 1177.0 88.0 par la ruine des temples, fuite ou mort des preſtres,

167.0 228.0 1181.0 82.0 deſolation de leurs ceremonies, & pillement de leur

173.0 294.0 1179.0 85.0 patrimoine. Mais retournant à mon propos, ce que

174.0 348.0 1180.0 93.0 pour lors il pratiqua pour le Parlemẽt de Paris, à pre¬

170.0 408.0 1185.0 86.0 ſent il le met à execution au conſeil priué du Roy: du¬

171.0 471.0 1180.0 84.0 quel ſont du tout chaſſez les gens graues & de vertu,

173.0 529.0 1184.0 82.0 accouſtumez de prononcer librement & ſincerement

173.0 582.0 1183.0 89.0 leur auis: & par ce moyen tel Senat a perdu toute ſon

179.0 642.0 1180.0 91.0 anciene maieſté & authorité: & ne ſe tient plus que de

180.0 705.0 1181.0 83.0 dans des cabinetz, ou au coing d’vne cheminée, ou en

187.0 763.0 1173.0 86.0 vne rũelle de lit, auec peu de femmes, enfans & pre¬

179.0 817.0 1184.0 92.0 ſtres ſans Princes, ſans Chancelier, ſans Mareſchaulx

184.0 879.0 1175.0 85.0 ni autres vieux & ſeueres cheualiers ou conſeillers,

190.0 936.0 1177.0 91.0 voire ſans le ſceu, volonté & conſentement du Roy:

182.0 997.0 1181.0 85.0 auquel on porte des reſolutions toutes digerées, luy

187.0 1056.0 1181.0 85.0 faiſant croire qu’elles ſortent de ſon conſeil. Et s’il a¬

193.0 1113.0 1179.0 87.0 uient que le Roy y veille aſsiſter auec l'aſſemblée ordi

193.0 1173.0 1180.0 82.0 naire, ce temeraire eſt ſi furieux & abandõné que d’en

200.0 1229.0 1170.0 91.0 prendre l'vn à la barbe, dementir l’autre, en chaſſer

197.0 1292.0 1176.0 89.0 quelque autre: le tout impuniment, puis que ſa teme¬

197.0 1351.0 1181.0 78.0 rité eſt ſouſtenüe par ceux qui au lieu de procurer la

199.0 1407.0 1178.0 89.0 conſeruation du Royaume, en pourchaſſent la ruine.

207.0 1466.0 1171.0 88.0 Car on ne peut raiſonnablement imputer aucune cho

204.0 1526.0 1173.0 88.0 ſe au Roy, au moyẽ de ſa ieuneſſe, guidée par des gou¬

212.0 1586.0 1174.0 87.0 uerneurs, auquelz il ne peut cõtredire. Au moyen de

212.0 1644.0 1175.0 89.0 quoy il ſemble que pour le pſent, & pour le regard de

210.0 1708.0 1171.0 83.0 ce Royaume, fruſtratoiremẽt ie diſpute la preſẽte pro

218.0 1764.0 1165.0 88.0 poſition, Si les ſubietz peuuent capitulerauec leur Roy.

218.0 1820.0 1172.0 88.0 Car puis q̃ le Roy n’ordõne rien, le Roy ne cõſulte riẽ

213.0 1878.0 1177.0 86.0 le Roy ne diſpoſe rien, mais toute ceſte adminiſtratiõ

217.0 1933.0 1174.0 94.0 politique paſſe par l’auis de ce furieux deſchaiſné: ſi les

216.0 1995.0 1174.0 86.0 ſubietz du Roy y contrediſent, ilz ne capitulent point

218.0 2054.0 1175.0 95.0 auet leur Prince, mais reſiſtans aux pernicieuſes entre¬

235.0 2113.0 1156.0 97.0 priſes de l’ẽnemi de Dieu & du Royaume, ilz capitulẽt
