1466 2342
96.0 145.0 1192.0 74.0 & leur eſtat: pource que toutes choſes alterées de leur

97.0 202.0 1195.0 75.0 deuoir & office le perdent, & aquierent vn nom con¬

97.0 268.0 1195.0 67.0 traire ou bien different : comme le tuteur qui ne de¬

95.0 323.0 1196.0 72.0 fend le bien du pupille, ou le curateur qui n’a ſolicitu¬

98.0 381.0 1192.0 76.0 de de ſon mineur, le patron qui a abandonné le patro¬

96.0 443.0 1191.0 69.0 nage de ſon libertin, ne retienent plus leur nom, mais

97.0 500.0 1189.0 75.0 ſont appellez faux tuteurs, faux curateurs, faux pa¬

100.0 556.0 1187.0 76.0 trons, ou bien diſsipateurs, voleurs, & corrupteurs du

98.0 616.0 1188.0 76.0 bien & diſcipline d’autruy. Ce qui s'obſerue meſmes

97.0 677.0 1190.0 75.0 aux choſes naturelles: car le pere & la mere qui ont

96.0 735.0 1191.0 72.0 oublié la pieté & humanité naturelle enuers leurs en¬

97.0 791.0 1188.0 82.0 fans, perdent leur nom, & ſont appellez paraſtres &

96.0 853.0 1181.0 75.0 maraſtres: ainſi les Rois qui s’eloignent de la raiſon¬

97.0 908.0 1182.0 75.0 nable conduite & ſecours qu’ils doiuent à leurs ſub¬

96.0 969.0 1179.0 77.0 iets, s’abandonnans licentieuſement à tous appetis

98.0 1027.0 1181.0 81.0 deſordonnez, perdent l’illuſtre nom de Roy, & s’ap¬

104.0 1091.0 1175.0 72.0 pellent tyrans ou brigans. Ie ne veux dire d’auantage

100.0 1144.0 1177.0 80.0 que le droit naturel des gens & ciuil aquitent les infe¬

97.0 1204.0 1181.0 77.0 rieurs de leur deuoir, quand ils connoiſſent que les ſu¬

100.0 1262.0 1175.0 82.0 perieurs ſe ſont deuoyez de leur office. Car le pere, le

93.0 1327.0 1182.0 74.0 tuteur, curateur, patron & maiſtre, ayans temeraire¬

96.0 1381.0 1179.0 77.0 ment abuſé de leur authorité, & icelle conuertie en

93.0 1435.0 1172.0 87.0 diſſolution, rẽdent les enfans, les pupilles, les mineurs,

93.0 1496.0 1179.0 78.0 les libertins & ſerfs affranchis de leur puiſſance droits

95.0 1554.0 1177.0 81.0 & authoritez qu’ils auoyẽt ſur eux, & partant abſous

95.0 1618.0 1175.0 78.0 de la reuerence qu’ils leur doiuent. Auſsi à ce propos

95.0 1674.0 1171.0 79.0 diſoit vn bon Senateur à vn mauuais conſul Romain,

95.0 1735.0 1174.0 82.0 Puis que ie ne te ſuis plus Senateur, auſſi tu ne m’es plus

98.0 1791.0 1172.0 81.0 Conſul. Comme au cõtraire quand les eſtrangers ſans

93.0 1852.0 1176.0 81.0 aucune obligation ſe rendent bienfaiteurs & propi¬

93.0 1917.0 1176.0 76.0 ces à aucunes perſonnes, ilz aquierent incontinent

93.0 1976.0 1172.0 75.0 enuers eux le nom de peres, tuteurs, curateurs & pa¬

95.0 2028.0 1174.0 81.0 trons: dont eſt ſorti le prouerbe commun que l'homme

100.0 2089.0 1168.0 85.0 eſt Dieu à l’homme, & l’homme eſt diable à l’homme, le

101.0 2148.0 1163.0 84.0 tout ſelon ſes actions bonnes où mauuaiſes : dont en

980.0 2218.0 101.0 97.0 B2
