1466 2342
61.0 126.0 1188.0 88.0 ſtoit que i’eſtime qu’il la faut imputer à vne plus gra¬

65.0 184.0 1190.0 85.0 ue cauſe, qui ſeroit vne fureur de laquelle il eſt inceſ¬

62.0 242.0 1193.0 87.0 ſammẽt agité pour la grauité de ſes delitz, telle qu’on

63.0 299.0 1192.0 86.0 a deſcrit celle d’Oreſte, apres le parricide de ſa mere,

65.0 364.0 1190.0 80.0 eſtant perpetüellement perſecuté des furies vengereſ¬

62.0 418.0 1190.0 85.0 ſes de telz delitz. Or noſtre patient à la verité ne capi¬

63.0 482.0 1193.0 82.0 tula iamais auec ſon Roy ſon Seigneur & maiſtre. Car ca¬

65.0 543.0 1190.0 81.0 pituler ( cõme nous auons dit) c’eſt tranſiger, accorder

63.0 601.0 1186.0 83.0 & compoſer : & ceux qui capitulent & compoſent, ſe

67.0 657.0 1177.0 82.0 mettent d’accord, ſe rendent vniz & amis enſemble,

63.0 714.0 1181.0 87.0 renoncẽt à toute guerre querelle procez & diſſention,

65.0 778.0 1184.0 82.0 à toute trõperie & deceptiõ : cõme nous voyons q̃ tou

67.0 837.0 1180.0 81.0 tes capitulatiõs & accors le portẽt par paroles expreſ¬

63.0 896.0 1184.0 82.0 ſes: ce que n’entẽdit iamais faire noſtre Panurge ſpiri¬

66.0 955.0 1183.0 79.0 tüel & tẽporel : mais au contraire il a touſiours capitulé

62.0 1012.0 1185.0 82.0 contre ſon prince, ſon Royaume & ſalut public par l’in¬

63.0 1070.0 1182.0 81.0 uaſion du Royaume, poſſeſsion des Duchez de Pro¬

62.0 1131.0 1181.0 80.0 uence & d’Anjou, intelligences auec le Roy d’Heſpai

61.0 1197.0 1181.0 75.0 gne, excitation des guerres ciuiles, ruptures des edits

59.0 1247.0 1179.0 82.0 de pacification, introduction des confrairies pour fai¬

61.0 1305.0 1178.0 84.0 re aſſaſsiner les bons ſubietz du Roy, cõſpiration con¬

58.0 1363.0 1181.0 82.0 tre les Princes du ſang, ſubuerſion des finances du Ro

62.0 1423.0 1176.0 84.0 yaume & infinies autres ſemblables actions, qui ſont

57.0 1484.0 1179.0 78.0 tous manifeſtes & multipliez parricides commis con¬

58.0 1543.0 1177.0 83.0 tre ſon pere & ſa mere, puis que les Rois ſont reputez

57.0 1604.0 1175.0 78.0 comme peres de leurs ſubietz, & la terre de noſtre na¬

55.0 1658.0 1180.0 89.0 tiuité eſtimée noſtre mere : tous parricĩdes (di-ie) qui

54.0 1718.0 1180.0 85.0 luy ont eſté propoſez tant par libelles publics qu’en re

54.0 1777.0 1180.0 83.0 monſtrãces à luy faites en preſence du Roy & de tout

55.0 1834.0 1179.0 83.0 le Cõſeil priué : leſquelz toutes-fois (tant il eſt curieux

54.0 1893.0 1181.0 78.0 de ſon honneur) il dit eſtre les monumens de ſa gloire

57.0 1952.0 1175.0 82.0 & perpetuité de ſon nom : telle que fut celle de Hero¬

55.0 2012.0 1181.0 84.0 ſtrate qui mit le feu dedans le memorable temple de

57.0 2071.0 1173.0 87.0 Diane d’Epheſe, ne pouuãt par autre moyen aquerir

61.0 2133.0 1152.0 91.0 immortalité que par vn extraordinaire crime. Or luy

973.0 2204.0 71.0 67.0 F 2
