1466 2342
98.0 126.0 1183.0 87.0 exempt de ſa puiſſance & iuſtice : ſe ſont enſaiſinez de

96.0 180.0 1182.0 91.0 la moitié du reuenu & patrimoine du Royaume, voi¬

95.0 236.0 1180.0 95.0 re en Duchez, Comtez, Baronnies, & autres belles pie

96.0 295.0 1170.0 97.0 ces : ont ſondé vne monarchie dedans ſa principauté,

93.0 357.0 1179.0 90.0 ne recõnoiſſans en rien le Roy, mais pluſtoſt ſe faiſans

92.0 415.0 1180.0 93.0 reconnoiſtre par luy : qui eſt choſe monſtrueuſe à natu

92.0 473.0 1178.0 94.0 re & police, de voir deux monarchies l’vne dans l’au¬

96.0 529.0 1172.0 102.0 tre. Et combien qu’il ſache & connoiſſe en conſcience

95.0 595.0 1173.0 91.0 que toutes telles choſes ſont vſurpations faites contre

92.0 651.0 1173.0 91.0 raiſon : toutes-fois luy miniſtre de telles impietez &

91.0 711.0 1169.0 91.0 entrepriſes contre ſon maiſtre, non ſeulement les fauo

87.0 767.0 1175.0 94.0 riſe, mais les confirme de iour à autre. Or pour le der¬

87.0 832.0 1177.0 90.0 nier argument ie luy demãderay & ſommeray de reſ¬

88.0 887.0 1170.0 99.0 pondre, puis qu’il fait profeſsion de preſcher, & ſe van

84.0 944.0 1177.0 95.0 te d’inſtruire ſes diœceſains en la doctrine de l'Euan¬

91.0 1004.0 1166.0 92.0 gile, & leur fait croire qu’il eſt du tout dedié en la le¬

80.0 1063.0 1175.0 92.0 cture des ſaintes lettres : nous eſt-il pas laiſſé eſcrit par

76.0 1121.0 1179.0 96.0 icelles, que Dieu ſe demettãt de ſa Maieſté, & deſpouil

75.0 1181.0 1174.0 96.0 lant de ſa grandeur indicible, & ſe reueſtant d’vne cle¬

74.0 1246.0 1174.0 92.0 mence incroyable, a contracté & capitulé auec ſon peu¬

74.0 1302.0 1171.0 95.0 ple par pluſieurs fois? Premieremẽt auec Adam, & puis

71.0 1358.0 1165.0 97.0 auec Noé, tiercement auec Abraham, Iſaac & Iacob,

72.0 1424.0 1171.0 89.0 puis auec Moyſe & tout Iſraël, conſequemment auec

71.0 1478.0 1171.0 93.0 Dauid & Salomon, en dernier lieu auec tout le genre

66.0 1534.0 1176.0 100.0 humain par ſon filz Ieſus Chriſt? voire & pour appro¬

62.0 1595.0 1178.0 92.0 bation de ſes volontez, nous en a delaiſſé les contratz

66.0 1655.0 1173.0 97.0 & capitulations bien approuées, teſmoignées & ſéel¬

61.0 1714.0 1177.0 97.0 lées? ſuiuant leſquelles tous ceux auec leſquelz il a ca¬

62.0 1779.0 1173.0 90.0 pitulé, & conſequemment nous à preſent & tous les fi¬

58.0 1833.0 1177.0 96.0 deles, le ſommons de iour en iour de ſes promeſſes &

58.0 1897.0 1174.0 93.0 contratz, dont les prieres & requeſtes de noz bons pe¬

58.0 1952.0 1172.0 97.0 res ſont pleines, & à leur imitation les noſtres. Or ſi le

58.0 2014.0 1161.0 97.0 grãd Createur de lumiere, ſi ce pere du genre humain,

55.0 2075.0 1171.0 92.0 ſi ce tout-puiſſant s’eſt voulu tant demettre que de

54.0 2129.0 1169.0 105.0 contracter & capituler auec ſes creatures, qui ne ſont
