1466 2342
207.0 124.0 1179.0 89.0 quelque iour par ſes actiõs vertueüſes couché en leur

203.0 179.0 1186.0 92.0 catalogue: tous leſquelz (comme on pourra voir par

203.0 242.0 1191.0 85.0 leurs hiſtoires) ne dedaignerent onques de communi¬

204.0 300.0 1186.0 89.0 quer auec leurs ſubietz, & pour ce faire (cõme on dit)

204.0 357.0 1190.0 89.0 abaiſſer leurs ſceptres, halebardes & faiſſeaux, c’eſt a

205.0 418.0 1185.0 88.0 dire leur authorité & grandeur, & auec eux tranſiger,

207.0 478.0 1189.0 91.0 compoſer, capituler, voire les croire en beaucoup de

207.0 536.0 1189.0 93.0 choſes, & ſe demettre pluſtoſt de leur droit que d’en¬

209.0 605.0 1189.0 83.0 trer auec eux en meſcontement. Au contraire qui vou

209.0 653.0 1187.0 88.0 dra exactement conſiderer la vie des Rois cruelz & ty

210.0 716.0 1189.0 89.0 rans, leur inquietude, leur iſsüe & renommée, qu’il liſe

210.0 767.0 1185.0 93.0 l'hiſtoire eſcrite de Roboam & Achab Rois d’Iſrael,

213.0 830.0 1182.0 91.0 des deux Denys, & d’Agathocle Rois de Syracuſe,

217.0 891.0 1183.0 91.0 d’Alexandre Pherée, de Phalaris, de Tarquin le ſuper

216.0 949.0 1188.0 90.0 be, de Vitelle, Domitian, Commode, Heliogabale, &

221.0 1012.0 1186.0 82.0 infiniz autres que ie ſuperſederay de nõmer, deſquelz

218.0 1072.0 1189.0 79.0 la vie comme elle à eſté licentieuſe, vitieuſe & aban¬

220.0 1125.0 1186.0 95.0 donnée, auſsi a-elle eſté inquiete & ſans repos, pleine

220.0 1185.0 1190.0 88.0 de craintes, de frayeurs & ſoupçons, voire iuſques à ſe

220.0 1246.0 1190.0 85.0 deffier de leurs femmes & enfans: auſsi la plus-part ont

221.0 1301.0 1186.0 97.0 eſté priuez de leurs puiſſances, & ſpoliez de leurs Em¬

222.0 1362.0 1188.0 96.0 pires par leurs peuples, les autres tuez & meurtriz

223.0 1424.0 1187.0 87.0 cruellement par leurs ſubietz, voire domeſtiques, fem

223.0 1479.0 1189.0 92.0 mes & enfans. Toutes-fois ie ne veux que noſtre remü

226.0 1540.0 1182.0 87.0 eur d’eſtat penſe que nous ſoyons ſans exemples do¬

227.0 1601.0 1183.0 89.0 meſtiques de la generoſité des François pour extirper

230.0 1661.0 1185.0 91.0 les tyrannies:car nous en auons de frequens, non ſeule

230.0 1718.0 1183.0 89.0 ment comparables à ceux des anciens Grecz & Ro¬

230.0 1774.0 1185.0 87.0 mains, mais auſsi preferables:car ilz n’ont aucunemẽt

234.0 1835.0 1179.0 91.0 attendu que les tyrannies ayent eſté formées, mais les

234.0 1890.0 1181.0 92.0 ont ſuffoquées dés leur naiſſance, comme bons mede¬

236.0 1956.0 1180.0 88.0 cins & preuoyans politicz:ainſi qu’il eſt clairement re

235.0 2012.0 1178.0 94.0 preſenté par les vices de Childeric & Theodoric pre¬

233.0 2072.0 1184.0 89.0 miers de ce nom:leſquelz pour les impudicitez qu’ilz

233.0 2135.0 1179.0 84.0 commençoyent licentieuſement à commettre enuers
