1466 2342
93.0 114.0 1189.0 79.0 temeraires qui oſent dire qu' il n’eſt loiſible aux ſub¬

89.0 178.0 1198.0 73.0 iets de capituler auec leur Roy: comme s’ils vouloyent

97.0 234.0 1191.0 76.0 priuer non ſeulement les inferieurs de participer de la

95.0 292.0 1191.0 78.0 lumiere & humanité de leur Prince: mais pareillemẽt

93.0 351.0 1194.0 78.0 le Roy de tant de commoditez qu’il a & reçoit de ſes

95.0 411.0 1191.0 75.0 ſubietz: luy faiſans perdre toutes les functions ciuiles

96.0 469.0 1190.0 77.0 & naturelles que nous auons cy deſſus recitées: & fina

95.0 533.0 1191.0 73.0 blement voulans rompre l’enchainement & liaiſon

98.0 586.0 1185.0 78.0 de la ſocieté publique: qui me ſemblent raiſons ſuffi¬

97.0 650.0 1181.0 77.0 ſantes pour conuaincre la temerité du paradoxeur,

100.0 710.0 1186.0 79.0 qui a voulu ſemer en public vne tant inepte propoſi¬

98.0 770.0 1189.0 75.0 tion. Toutes-fois ie preoccuperay la reſponſe ou in¬

98.0 830.0 1187.0 75.0 terpretation qu’il pourra faire ſur icelle, qui doit eſtre

97.0 884.0 1191.0 81.0 telle, qu’il n’entend interdire la capitulation aux ſub¬

98.0 947.0 1189.0 75.0 ietZ auec leur Prince, ſinon aux affaires qui concernẽt

97.0 1001.0 1191.0 80.0 ſon eſtat & authorité, ſur leſquelles le ſubiet ne ſe doit

97.0 1064.0 1191.0 78.0 meſler, entreprendre, ni capituler auec ſon Prince: mais

101.0 1118.0 1185.0 80.0 en icelle le laiſſer faire à ſon deſir & volonté, ſans con¬

105.0 1177.0 1183.0 83.0 tredit, & y obeyr purement & ſimplement, ſans aucu¬

98.0 1236.0 1188.0 83.0 ne reſiſtence né connoiſſance de cauſe. Or ie di que la

105.0 1295.0 1180.0 85.0 propoſition ainſi interpretée eſt encores plus imper¬

98.0 1355.0 1189.0 82.0 tinente & intolerable que quand elle eſtoit ſimplemẽt

98.0 1415.0 1188.0 83.0 couchée: puis que par icelle tel flateur & ambitieux

110.0 1470.0 1176.0 90.0 veut corrompre le iugement & la complexion d’vn

104.0 1528.0 1182.0 89.0 bon Prince, par vne licentieuſe puiſſance, luy faiſant

102.0 1588.0 1180.0 86.0 ſecoüer le ioug de toute raiſon, & franchir les limites

105.0 1649.0 1180.0 84.0 de vertu: à quoy les iuſtes Princes ne conſentiront ia¬

101.0 1708.0 1184.0 84.0 mais. Et pour deſcouurir le fart de telle reſponſe, ou

101.0 1763.0 1184.0 85.0 Ie poiſon qui eſt caché ſous icelle, il ſera bon de defi¬

102.0 1822.0 1183.0 89.0 nir la diction de Roy, & recercher l'origine & intro¬

101.0 1882.0 1185.0 87.0 duction des Rois: tout ainſi que dés le commencemẽt

101.0 1942.0 1184.0 86.0 nous auons expliqué ce mot de capituler: & par ice¬

105.0 2002.0 1180.0 86.0 luy manifeſté l’ineptitude de la propoſition principa¬

102.0 2062.0 1183.0 88.0 le. Or ſoit que la diction de Roy viene de regir & gou

109.0 2126.0 1173.0 88.0 uerner, ou de regner & dominer, & que le Roy ſoit

1049.0 2196.0 43.0 58.0 B
