1466 2342
199.0 104.0 1175.0 75.0 les Sagontins, qui aimerent mieux ſe conſommer par

197.0 161.0 1177.0 74.0 feu auec leurs femmes & enfans, que ſe ſoumettre à la

199.0 218.0 1175.0 79.0 foy d’vn Roy periure & infidele. Toutes-fois par les

196.0 278.0 1178.0 77.0 meurs Papales ce n’eſt point de honte à vn Prince de

199.0 336.0 1177.0 80.0 rompre ſa foy. Et à ce propos le ſaint Pere Paul Cara¬

200.0 395.0 1178.0 79.0 fe, autrement Theatin, qui enuoya la belle eſpée au

203.0 454.0 1175.0 78.0 feu Roy Henry deuzieme, par laquelle toute la Chre¬

205.0 512.0 1173.0 76.0 ſtienté fut enſanglantée, diſoit que c’eſtoit à faire à

205.0 572.0 1171.0 78.0 marchans de garder leur foy, & non à Princes : auſsi

208.0 633.0 1162.0 73.0 pour ſes merites apres ſa mort nõ ſeulemẽt ſon corps,

208.0 690.0 1173.0 80.0 ſes monumens, & ſon nom ſurent effacez de la ville

207.0 748.0 1170.0 75.0 de Rome, mais ſa poſterité honteuſement miſe au gi¬

208.0 806.0 1172.0 78.0 bet. Mais c’eſt choſe admirable que telle infame cor¬

207.0 865.0 1176.0 75.0 ruptele d’infidelité & violement de toute promeſſe &

207.0 927.0 1179.0 72.0 foy iurée (qui a ſi malheureuſement contaminé le ſiege

209.0 982.0 1174.0 79.0 Papal & toute ſon Egliſe) eſt ſortie de la boutique des

210.0 1043.0 1176.0 77.0 pretenduz predeceſſeurs de noſtre Panurge: leſquelz

213.0 1103.0 1170.0 69.0 voulans commettre vne execrable deſloyauté contre

212.0 1160.0 1171.0 72.0 leur Roy Childeric, & le priuer injurieuſemẽt de ſon

213.0 1217.0 1173.0 76.0 Royaume pour s’en reueſtir frauduleuſement, ſeme¬

209.0 1277.0 1177.0 72.0 rent deux venimeuſes graines d’infidelité par la chre¬

208.0 1337.0 1174.0 74.0 ſtienté: qui ont depuis merueilleuſemẽt bourgeonné:

212.0 1393.0 1173.0 75.0 l’vne en corrompant la nobleſſe Françoyſe, à laquel¬

212.0 1453.0 1173.0 74.0 le ilz perſuaderent qu’elle ſe pouuoit reuolter de ſon

214.0 1520.0 1167.0 64.0 Roy, & luy faulſer la foy pour en accepter vn autre,

217.0 1574.0 1172.0 64.0 violans tout droit naturel & humain, pourueu que le

213.0 1627.0 1173.0 76.0 Pape les diſpenſaſt de la fidelité qu’il luy deuoyent:

216.0 1688.0 1173.0 72.0 l’autre, en abreuuant les Papes de preſumption & ar¬

214.0 1747.0 1176.0 74.0 rogance, & leur ſuppoſant qu’ils auoyent puiſſance

214.0 1805.0 1175.0 68.0 de donner abſolution de toutes infidelitez & meſchan

216.0 1863.0 1173.0 71.0 cetez, & deſpouiller les Potentatz & Rois de leurs

216.0 1921.0 1178.0 73.0 Royaumes & puiſſances, & conſequemment en eſta¬

213.0 1981.0 1180.0 69.0 blir d’autres en leur lieu. Car en tel tems les Papes n’a

214.0 2044.0 1177.0 66.0 uoyent encores franchy les bornes de toute modeſtie:

216.0 2102.0 1177.0 78.0 comme il ſe connoit par la reſponſe. Zacharie pour

1292.0 2161.0 98.0 61.0 lors
