1466 2342
84 117 1191 74 lors ſeant au Papat, qui du commencement reſiſta, ou

83 165 1195 83 bien ſubſiſta ſur telle demãde, cõnoiſſant qu’elle eſtoit

83 226 1187 84 injurieuſe extra-ordinaire & hors de ſa puiſſance.

83 282 1192 95 Mais Pepin (qu’on peut appeler la ſemence & pepi¬

85 347 1193 81 niere de toute abomination, puis qu’il fut la ſource de

89 403 1185 83 tant de maledictions) luy fit ſauter le foſſé par le ſeul

87 460 1188 89 apaſt de l’attribution de telle authorité, laquelle a

85 523 1190 88 rẽdu la puiſſance Papale la plus ample & auguſte que

87 581 1191 83 de Principauté qui auparauant ait eſté conneüe au

84 640 1190 83 monde. Il ne faut donc entrer en admiration, ſi noſtre

85 697 1190 88 Panurge ſe pretent deſcendu de luy, dont il porte les

83 755 1194 89 ſtigmates en ſa conſcience, puis que continüant en la

84 817 1193 85 conſeruation de telles ſemences, il veut d’vn meſme

85 879 1187 85 coup nourrir l’infidelité en ce Royaume, & faire per¬

85 938 1189 76 dre la couronne à ſon Roy. Auſsi auant que ie ſorte de

85 996 1189 85 ce paſſage, il ne ſera hors de propos de faire entendre

83 1055 1187 84 ce qui n’eſt de noſtre Royaume, mais eſt de noſtre tems

87 1111 1187 89 & propre en ce lieu. Le Roy d’Heſpagne és Royau¬

85 1171 1188 89 mes de Caſtille, d’Arragon, Cataloigne, Grenade, &

87 1228 1187 88 autres qu’il poſſede à preſent en Heſpagne, à accouſtu

84 1288 1188 87 mé de tenir les eſtatz en chacũ d’iceux Royaumes par

85 1346 1188 90 chacun an: ſi luy ou ſes officiers depuis la derniere te¬

83 1410 1192 83 nũe d’iceux ont attenté aucune choſe contre les priui¬

82 1466 1184 94 Ieges du pays, les eſtatz le deduiſent parforme de grief,

82 1524 1190 88 & en demandent reparation : voire & y perſeuerent

79 1583 1194 92 ſi obſtinément, qu’il eſt beſoin que le Prince en rende

80 1645 1193 85 bonne raiſon, & face connoiſtre que telle innouation

80 1700 1189 90 eſt fauorable & vtile non à luy, mais au public : autre¬

78 1765 1187 82 ment elle eſt retractée, ou bien tous ſes droitz & ot¬

75 1821 1193 85 troiz ordinaires luy ſont refuſez & arreſtez, iuſques à

78 1881 1184 91 la retractation par luy faitte. Le pareil ſe pratique en

82 1936 1180 93 Portugal, Angleterre, Eſcoſſe, Nauarre & Bearn. Or

79 1998 1189 88 les Seigneurs & Princes de telz pays pourtant n'eſti¬

76 2057 1188 89 ment leurs peuples rebelles, mais tres-obeiſſans & ob¬

76 2115 1184 96 ſeruateurs rigoreux du bien du Pays. Auſsi ne ſont-ilz

1022 2201 51 57 D
