1466 2342
209.0 114.0 1169.0 78.0 perſonne de ſain iugement qui ne conſente pluſtoſt le

203.0 170.0 1169.0 82.0 dernier que le premier : & toutes-fois le pauure Mõt¬

201.0 230.0 1166.0 83.0 morency Conneſtable induit par noſtre paradoxeur,

209.0 288.0 1164.0 82.0 (qui luy en ſit porter la marotte & la peine) oſa dire

203.0 344.0 1165.0 85.0 qu’il valoit mieux que le Roy euſt guerre auec ſes ſub

200.0 409.0 1167.0 77.0 ietz, que d’eſtre en mauuais menage auec ſes voiſins:

203.0 463.0 1165.0 83.0 O la ſage parole & digne d’vn bon conſeiller amateur

201.0 523.0 1169.0 80.0 du repos public. Mais conſiderons comme on ſe trou¬

204.0 584.0 1164.0 79.0 ua en ce Royaume des capitulations qui ſurent faites

201.0 645.0 1168.0 78.0 auec l’ennemi public apres la perte de la rencontre

203.0 699.0 1164.0 82.0 Saint Quentin, lors que le frere de noſtre paradoxeur

203.0 765.0 1165.0 76.0 ayant emmené hors de France toutes les forces, ſous

205.0 818.0 1167.0 83.0 vmbre de conquerir le Royaume de Naples pour le

203.0 878.0 1170.0 78.0 Roy, mais vrayement pour l’emparement de la Sicile

205.0 938.0 1169.0 76.0 pour luy, & du Papat pour le paradoxeur, ſi le Pape

204.0 997.0 1166.0 79.0 qui eſtoit vieil pouuoit mourir ce-pendant que l’ar¬

201.0 1052.0 1168.0 83.0 mée du Roy ſeroit en Italie : fut-il pas ſeul cauſe d’vne

201.0 1116.0 1171.0 77.0 iniuſte guerre, par la rupture de la plus iuſte & hono¬

201.0 1173.0 1169.0 78.0 rable treue que iamais Roy de France auoit eũc? &

205.0 1236.0 1163.0 74.0 puis accorda-il pas la plus honteuſe paix qui iamais

201.0 1294.0 1169.0 70.0 fut veüe en France? en laquelle l’ennemi nous donna

203.0 1346.0 1164.0 78.0 la loy, nous faiſant delaiſſer tout à vn coup la Sauoye,

203.0 1405.0 1166.0 76.0 le Piedmont, la Breſſe, & infiniz autres lieux, villes &

207.0 1470.0 1163.0 73.0 pais qui bornoyent auec grande ſeureté toute la Fran

204.0 1527.0 1168.0 75.0 ce? Voila les capitulàtions qu’il trouue bonnes, aimant

203.0 1589.0 1166.0 66.0 mieux aggrandir l’ennemi du Royaume, en luy accor

207.0 1645.0 1167.0 69.0 dant tout ce qu’il demande, auec la honte de noſtre

208.0 1704.0 1162.0 73.0 Roy, que de le recõcilier auec ſes ſubietz, en le faiſant

209.0 1768.0 1163.0 66.0 viure en vnion auec loüenge perpetuelle. Or s’il eſtoit

205.0 1820.0 1167.0 73.0 ſi zelé à la grandeur du Roy, comme il fait ſemblant, il

207.0 1882.0 1167.0 69.0 luy manifeſteroit les capitulations & entrepriſes qu’õt

205.0 1946.0 1171.0 64.0 fait les Papes ſur ſon authorité & Maieſté, quand ſous

207.0 2001.0 1170.0 69.0 couleur de religion & pieté, ilz ſe ſont emparez de la

207.0 2059.0 1174.0 72.0 plus grande partie de ſa iuriſdiction, luy ont ſouſtrait

208.0 2122.0 1175.0 84.0 ſes ſubietz, ont rendu la plus-part de ſon peuple.
