1466 2342
204.0 105.0 1173.0 69.0 & illuſtres compagnies qui ancienement tenoyent

200.0 158.0 1177.0 76.0 la tuition du Royaume, & ceux qui encores à preſent

200.0 217.0 1178.0 74.0 font faire les ſermẽs aux Rois, ſont rebelles & atteintz

203.0 277.0 1173.0 70.0 de leze Maieſté. Et toutes-fois ilz capitulent auec leurs

204.0 339.0 1176.0 73.0 Rois, ilz les contraignent de iurer qu’ilz feront & pro¬

208.0 396.0 1174.0 76.0 cureront ce qui eſt contenu en iceux articles, ilz for¬

212.0 455.0 1171.0 74.0 çent leurs volontez. Il faut bien auiſer que repondra

209.0 512.0 1178.0 72.0 noſtre paradoxeur: car d’vn coſté il ſe trouuera rebel¬

210.0 572.0 1176.0 68.0 le, ayãt fait iurer à trois Rois ces articles: d’autre coſté

212.0 632.0 1169.0 74.0 il ſe trouuera faux inuenteur de friuoles propoſitions,

214.0 693.0 1173.0 72.0 corrupteur de meurs publiques, & ſemeur de zizanie.

217.0 749.0 1173.0 73.0 Mais pour faire entendre qu’en moindre choſe noz

217.0 809.0 1176.0 71.0 Princes ont eu leurs comportemens ſi doux & tempe¬

221.0 869.0 1175.0 74.0 rez, qu’ilz les ont tous reduitz à la regle d’humanité

220.0 926.0 1170.0 73.0 & de raiſon:nous auons par ordonnance fixe & inui¬

223.0 983.0 1175.0 76.0 olable, que le Roy ne peut deſtituer ſes officiers que

225.0 1046.0 1173.0 74.0 par forfaiture, de laquelle s’enſuiue iugement legiti¬

225.0 1103.0 1175.0 68.0 me:tellemẽt qu’il n’y a que trois cas de vacation d’of¬

227.0 1165.0 1177.0 69.0 fices, mort, reſignation & forfaiture. Et au cas que le

230.0 1216.0 1172.0 81.0 Roy par puiſſance abſolüe vouluſt priuer vne perſon¬

230.0 1278.0 1176.0 73.0 ne de ſon office, les Cours ſouueraines y ont touſiours

233.0 1334.0 1175.0 80.0 reſiſté, & maintenu l’officier en ſa charge, & empeſché

236.0 1396.0 1163.0 71.0 qu’autre ne fuſt pourueu enicelle. Et toutes-fois il n’y

239.0 1449.0 1171.0 78.0 a choſe qui plus ſoit annexée à l’authorité du Prince

239.0 1513.0 1172.0 75.0 que la prouiſiõ de ſes magiſtratz. Et s’il permet qu’en

239.0 1573.0 1171.0 70.0 ceſt endroit on reſiſte à ſes volontez, & qu’on capitule

240.0 1631.0 1171.0 74.0 auec luy : ce n’eſt pas qu’il trouue deſraiſonnables les

242.0 1687.0 1170.0 81.0 iuſtes capitulations de ſes ſubietZ. I’adiouſte qu’il y a

247.0 1749.0 1166.0 75.0 peu de bonnes villes au Royaume de France qui n’a¬

249.0 1808.0 1166.0 81.0 yent lettres patentes des priuileges & prerogatiues à

248.0 1870.0 1165.0 72.0 eux concedées par les Rois, partie liberalement, par¬

249.0 1924.0 1170.0 79.0 tie contractüellement, & par capitulations. Les hiſtoi¬

252.0 1985.0 1168.0 75.0 res en donnent teſmoignages d’aucunes, comme de la

252.0 2036.0 1169.0 87.0 Rochelle, qui ſe retira de la puiſſance de l’Anglois

257.0 2101.0 1160.0 101.0 pour ſe ſoumettre aux François, & moyenant que les
