1466 2342
78.0 110.0 1199.0 85.0 cõbien qu’autres-fois vn Pape ait oſé dire qu’il vou¬

76.0 166.0 1199.0 83.0 droit qu’il fuſt de cõtraire ſecte à la ſiene, pour la haine

74.0 228.0 1198.0 82.0 naturelle q̃ tous les hõmes ont contre luy, & luy cõtre

80.0 286.0 1189.0 87.0 les hommes, eſtant vn vray Iſmaẽl, ou Timon : pire que

82.0 346.0 1184.0 87.0 ces deux autres, deſquelz on diſoit que pendant que

74.0 402.0 1192.0 91.0 I'vn ſeroit à Sparte, l’autre à Athenes, tels Empires ne

76.0 463.0 1186.0 87.0 ſeroyẽt iamais ſans diuiſions & guerres. Comme aufsi

79.0 525.0 1181.0 85.0 pendant qu’il ſera en ce Royaume, les citoyens ne ſe¬

69.0 582.0 1189.0 86.0 ront iamais ſans guerres ciuiles, puis qu’il les a ia exci¬

67.0 644.0 1188.0 80.0 tées par trois fois, voire & les a ſemées par tout où ſon

66.0 698.0 1183.0 87.0 conſeil a aſsis fondement, teſmoin l’Eſcoſſe. Mais y

63.0 758.0 1182.0 86.0 a-il aucun tant aliené de ſon ſens, qui trouuaſt bon

66.0 817.0 1187.0 92.0 que les tyrannies Papiſtiques & Turquoiſes priſſent

62.0 878.0 1187.0 83.0 pied en l’eſprit de noz Rois, eſtant aſſeuré que ſi elles

71.0 936.0 1168.0 86.0 y font vne fois racine, pour le regard de leurs ſubietz,

61.0 996.0 1182.0 82.0 elles eſpandront bien toſt leurs rameaux enuers leurs

59.0 1059.0 1181.0 80.0 peres, meres, enfans, freres, neueuz, & autres predeceſ¬

58.0 1111.0 1180.0 88.0 feurs & ſucceſſeurs : à l’imitation de ceux dont elles

58.0 1172.0 1182.0 87.0 ſont procedantes? Et pour ce regard il eſt expedient

65.0 1233.0 1173.0 82.0 que mon Roy, la Royne ſa mere, & Meſsieurs ſes fre¬

55.0 1295.0 1180.0 80.0 res, entendent quelz effetz ont ordinairement telles

58.0 1350.0 1177.0 85.0 perſuaſions licencieuſes des flateurs, & quelles recom¬

59.0 1411.0 1179.0 86.0 penſes elles apportent à ceux qui les reçoyuent. Cam¬

54.0 1466.0 1177.0 84.0 biſe Roy de Perſe dedié à toute impudicité, eut enuie

50.0 1524.0 1177.0 89.0 d’eſpouſer ſa ſeur, il en demanda conſeil à quelques

53.0 1584.0 1172.0 85.0 adulateurs, qui luy dirẽt que tout ce qui ſembloit bon

53.0 1643.0 1172.0 90.0 à vn Roy de Perſe, il luy eſtoit licite. Caracalle Empe

49.0 1707.0 1174.0 84.0 reur de Rome fut induit par façons impudiques de

46.0 1761.0 1177.0 87.0 Iulie ſa maraſtre de l’eſpouſer : laquelle pour corrom¬

49.0 1826.0 1169.0 84.0 pre ſa ieuneſſe, nõ encores deplorée, luy perſuada que

45.0 1881.0 1173.0 86.0 tout ce qu’il luy plaiſoit eſtoit licite, comme eſtant mo

46.0 1939.0 1170.0 86.0 narque. Pareille licence fut engrauée en l’eſprit de Ne

45.0 1999.0 1168.0 85.0 ron, apres les cinq ans eſquelz il auoit aſſez bien fait

45.0 2054.0 1168.0 85.0 ſon deuoir. Chacun d’eux vſant du conſeillicencieux

48.0 2116.0 1161.0 97.0 qui luy eſtoit donné, non ſeulement l’employa aux
