1466 2342
180.0 110.0 1196.0 85.0 choſes conſeillées, mais les deux premiers mirent a

179.0 162.0 1195.0 90.0 mort leur frere, & le dernier ſa mere: & finablement

182.0 222.0 1191.0 88.0 eux pour leurs demerites finirent miſerablement leurs

183.0 282.0 1191.0 87.0 iours. Tous les hommes vertüeux prieront touſiours

183.0 335.0 1190.0 94.0 Dieu, que pluſtoſt il les oſte de ce monde, qu’ilz ſoyẽt

186.0 404.0 1188.0 83.0 contraintz de voir en ce Royaume vne ſi effrenée pe¬

186.0 455.0 1191.0 90.0 ſte & licence, que noſtre Roy oublie la charité qu’il

186.0 513.0 1194.0 92.0 doit à la Royne ſa mere, Meſsieurs ſes freres & ſon

191.0 578.0 1191.0 89.0 peuple. Les flagorneurs ont le ſtyle aſſez coulãt, pour

192.0 637.0 1190.0 89.0 perſuader aux Princes que leurs volontez doiuent e¬

188.0 694.0 1199.0 82.0 ſtre franches & ſouueraines, que toutes choſes doiuẽt

191.0 754.0 1190.0 85.0 flechir deuant eux, qu’on leur doit obeir ſans deman¬

191.0 814.0 1194.0 86.0 der pourquoy ne commẽt, que les corps, les biens, &

193.0 870.0 1192.0 87.0 les vies de leurs ſubietz ſont à eux: mais iamais ilz

192.0 930.0 1195.0 79.0 n’entrent à les admoneſter de leur deuoir, ni à quelle

196.0 986.0 1197.0 93.0 regle de vertu ils ont beſoin de ſe ranger, quel conſeil

193.0 1048.0 1194.0 90.0 faut qu’ilz ſuiuent: cela greueroit trop la langue du

196.0 1104.0 1194.0 89.0 flateur, & faſcheroit l’oreille du Prince qui veut eſtre

197.0 1163.0 1197.0 91.0 flaté. Auſsi ilz ſe gardent bien de les auertir des louan

203.0 1225.0 1190.0 85.0 ges dont ſont couronnez les bons Princes, & des bla¬

199.0 1282.0 1194.0 86.0 ſons que la poſterité donne aux meſchans, de la felici¬

201.0 1338.0 1193.0 91.0 té & tranquillité des iuſtes & paiſibles, de l’inquietude

203.0 1398.0 1191.0 93.0 des tyrans, de la garde & ſolicitude qu’ont les ſubietz

203.0 1459.0 1195.0 88.0 de leurs bons Princes, des aggreſsions qu’ilz font con

203.0 1520.0 1188.0 85.0 tre les iniques. Mais ie veux que par ma bouche & par

203.0 1584.0 1192.0 84.0 mes eſcritz mon Roy le ſache, combien que i’aye peu

204.0 1639.0 1187.0 84.0 d’eſperãce que ce petit diſcours viene entre ſes mains,

209.0 1696.0 1186.0 91.0 puis que les corrupteurs des meurs publiques interdi¬

205.0 1757.0 1189.0 81.0 ſent les lettres en ſon Royaume, & par ſoigneuſe re¬

209.0 1815.0 1190.0 87.0 cherche empeſchent qu’il n’ait aucune cõmunication

208.0 1873.0 1190.0 81.0 des bons liures, tant anciens que nouueaux, voire &

209.0 1932.0 1187.0 84.0 qu’il ſache aucune choſe des miſeres & calamitez de

209.0 1994.0 1189.0 82.0 ſon Royaume, mais le veulent enſeuelir en ignorance,

212.0 2051.0 1186.0 78.0 comme faiſoyent ancienement les Maires du Palais

214.0 2110.0 1182.0 94.0 ſes predeceſſeurs Rois, à fin de le priuer quelque iour

1240.0 2167.0 158.0 63.0 de ſon
