1466 2342
80.0 119.0 1185.0 81.0 de leurs Princes cõcernans les matieres d’eſtat:eſtoyẽt

82.0 176.0 1183.0 80.0 ce ſubiets infideles ou non?ont ils merité ou demeri¬

83.0 234.0 1185.0 84.0 té?ſont-ils dignes des peines de leze Maieſté ou de cõ¬

87.0 299.0 1182.0 79.0 gratulation & gratification? A ſa reſponſe on deſcou¬

85.0 356.0 1185.0 83.0 urira la maladie du patient. Car ſi ſa propoſition eſt

88.0 413.0 1180.0 87.0 vraye qu’il ne faut ne contredire, ne repugner, ni capi

82.0 476.0 1183.0 82.0 tuler auec vn Roy: ſur peine de leze Maieſté, il failloit

80.0 529.0 1180.0 86.0 accabler & ruiner les habitãs de ſes Duchez, Comtez,

79.0 589.0 1189.0 86.0 Prouinces & villes qui reſiſtoyent à vn appointement

82.0 651.0 1184.0 84.0 iuré par leurs Princes. Et toutes-fois y a-il aucũ de ſai

83.0 718.0 1183.0 78.0 ne cõſcience qui ne loüe & n’approuue grandemẽt le

80.0 770.0 1181.0 79.0 zele & les actions de ſi bons & fideles ſeruiteurs, qui

76.0 830.0 1186.0 82.0 franchement ont reſiſté à leurs Princes, ſe ſont oppo¬

78.0 888.0 1183.0 81.0 ſez aux ſurpriſes qu’on luy auoit faites, ont remis en¬

78.0 949.0 1180.0 78.0 tre ſes bras des plus beaux fleurons de ſa couronne. Et

78.0 1008.0 1180.0 81.0 le Roy Loys vnzieme qui à excedé tous les autres en

76.0 1068.0 1179.0 79.0 aſtuce & fineſſe ayant entẽdu telle façon de faire, meſ¬

74.0 1124.0 1179.0 78.0 mes de ceux de la Guyene, ſuſcita les habitans des vil¬

74.0 1182.0 1179.0 83.0 les outre la ſomme qu’il auoit baillée au Duc de Bour

80.0 1241.0 1175.0 86.0 goigne pour faire le ſemblable que les Guyenois. Auſ¬

79.0 1306.0 1174.0 78.0 si luy veux-ie demãder, & à tous lecteurs & auditeurs

76.0 1357.0 1172.0 91.0 de ceſte diſpute, leſquelz ſont plus loüables, ou les ſub

75.0 1419.0 1172.0 85.0 ietz deſquelz nous auons ia parlé, qui reſiſterent à la

79.0 1479.0 1172.0 83.0 volonté de leurs Roys: & empeſcherent l’alienation

75.0 1537.0 1173.0 82.0 de partie de ſon Royaume : ou biẽ les ſubiets de Char¬

74.0 1595.0 1178.0 88.0 les le ſimple, leſquelz cõſentirent à la reſignation qu’il

72.0 1657.0 1177.0 85.0 auoit faite par force de ſon Royaume à Raoul Duc

70.0 1718.0 1178.0 80.0 de Bourgoigne? Et pareillement la nobleſſe & les ſub¬

69.0 1777.0 1176.0 83.0 ietz de Childeric qui permirẽt que leur Roy fuſt hon¬

69.0 1835.0 1176.0 82.0 teuſement tondu & mis en vn monaſtere, & proditoi¬

65.0 1895.0 1179.0 83.0 rement deſpouillé de ſon Royaume par vn de ſes ſub¬

66.0 1955.0 1178.0 82.0 ietz? Ie ne me veux pas fier à ce que me reſpondra no¬

65.0 2012.0 1175.0 86.0 ſtre flateur en ceſte queſtion, veu le ſoupçon auquel il

63.0 2073.0 1182.0 82.0 nous a mis de l’vſurpatiõ de ce Royaume, & y a gran¬

62.0 2126.0 1180.0 96.0 de apparence qu’il s’eſſayeroit d’vſer de la deſloyauté
