1466 2342
188.0 94.0 1193.0 84.0 ons, le reduiſant au cerne de la raiſon, & chaſſant d’au

186.0 157.0 1192.0 81.0 tour de luy telz flateurs que noſtre paradoxeur. Car

195.0 217.0 1183.0 82.0 pendaut que les hommes ſont enſeueliz en ce corps

187.0 274.0 1195.0 77.0 mortel, de quelque qualité & cõdition qu’ilz puiſſent

190.0 333.0 1193.0 76.0 eſtre, ilz ſont ſubietz à erreur, & s’ilz contemnẽt eſtre

193.0 391.0 1193.0 83.0 diſciplinables, voire aux iuſtes remonſtrances de leurs

191.0 455.0 1192.0 78.0 inferieurs, ilz tombent en vn precipice, duquel ilz ne

208.0 513.0 1178.0 79.0 pourront iamais ſe releuer. Or eſt-il beſoin que ie con

196.0 573.0 1187.0 78.0 uainque noſtre ſeditieux par exemples & interroga¬

197.0 632.0 1185.0 78.0 toires, deſquels il ne ſe pourra deſuelopper. Ie luy

201.0 688.0 1185.0 77.0 demande, ſi vn Roy Chreſtien eſtoit tombé en Iuda¬

196.0 746.0 1186.0 81.0 iſme, Mahumetiſme, ou Atheiſme, & qu’il vouluſt par

197.0 810.0 1184.0 74.0 edit commander à tout ſon peuple de ſuiure ſa ſecte,

199.0 867.0 1187.0 78.0 ſeroit-il neceſſaire d’y obeir? Il eſt aſſez renart pour

200.0 927.0 1189.0 78.0 conniller, comme fit Bloſſe à l’interrogatoire qu’on

201.0 986.0 1188.0 78.0 luy propoſa, pour les entrepriſes de Tybere Gracche

204.0 1043.0 1186.0 79.0 ſon grand amy: & dire que tel inconuenient n’auien¬

203.0 1103.0 1191.0 82.0 dra iamais à noſtre Roy:mais ie luy feray paſſer carrie

207.0 1161.0 1186.0 81.0 re, comme on fit à Bloſſe, & repliqueray, ſi tel cas eſ¬

208.0 1223.0 1186.0 74.0 cheoit ainſi (par ce qu’il eſt auenu, & auient iournelle¬

205.0 1280.0 1191.0 78.0 ment à d’autres Princes) faudroit-il obeir à l’appetit

207.0 1338.0 1188.0 81.0 du Roy? voyez-vous cõme il eſt pris? Car s’il dit que

210.0 1396.0 1188.0 82.0 le peuple ne luy doit obeir, ſon paradoxe eſt faux: s’il

213.0 1455.0 1180.0 79.0 accorde qu’il luy faut obeir, il eſt cõuaincu d’impieté:

212.0 1517.0 1187.0 80.0 toutes-fois il ſe ſoucieroit moins du dernier que du

214.0 1575.0 1181.0 83.0 premier. Au moyen dequoy ie le veux preſſer de plus

220.0 1631.0 1173.0 86.0 pres, & luy demãder, ſi le Roy abandonnant le Papiſ¬

214.0 1690.0 1180.0 82.0 me, s’eſtoit declaré Euangeliſte, & auoit fait vn edit

218.0 1751.0 1181.0 78.0 commandant à tous ceux de ſon Royaume d’abãdon¬

216.0 1807.0 1186.0 80.0 ner le Papiſme, ſeroit-il beſoin de luy obeir? Ie ne dou

217.0 1869.0 1186.0 80.0 te point qu’il ſe dedira de ſon paradoxe en ce cas, &

220.0 1926.0 1180.0 82.0 voudra capituler auec le Roy. Il y a infiniz ſemblables

216.0 1988.0 1177.0 79.0 exemples eſquelz ie le feray non ſeulement vaciller,

216.0 2045.0 1184.0 81.0 mais faire amende honorable de ſa propoſition (con¬

216.0 2101.0 1186.0 90.0 feſſant que laſchemẽt & contre verité il l’a perſuadée
