1466 2342
93.0 89.0 1199.0 71.0 à noſtre Roy) comme ſont les ſuiuans, Si le Roy com¬

91.0 150.0 1200.0 71.0 mandoit qu’indifferemment on tuaſt tous les preſtres

93.0 213.0 1201.0 62.0 de ce Royaume, ou qu’on extirpaſt le paradoxeur a¬

92.0 269.0 1200.0 69.0 uec toute ſa famille, y faudroit-il obeir? Que diroit no

91.0 329.0 1201.0 71.0 ſtre renart pris au piege? Car s’il reſpõd qu’ilfaut exe¬

93.0 387.0 1199.0 68.0 cuter la volõté du Roy, il s’en va le premier aual l’eau

93.0 444.0 1198.0 72.0 à quoy il ne conſentira iamais, ayant eſtabli ſa felicité

95.0 507.0 1199.0 69.0 en ceſte vie mortelle & malheureuſe, & eſtant plus laſ¬

93.0 565.0 1198.0 69.0 che & coũard qu’vne poule mouillée: teſmoin la iour¬

93.0 624.0 1197.0 70.0 née de ſon entrée de Paris en armes. Mais il reſpon¬

93.0 685.0 1199.0 73.0 dra que tous tels exemples ſont pleins d’iniquitez eui

96.0 744.0 1192.0 67.0 dentes que les Rois ne doiuent point vouloir, & qui

97.0 804.0 1191.0 70.0 ne peuuent entrer en la volonté d’vn Roy. Ie conſen¬

93.0 860.0 1192.0 74.0 tiray au premier article de ſa reſponſe, que les Rois ne

93.0 923.0 1193.0 69.0 doiuent point vouloir les choſes iniques, & que tou¬

93.0 978.0 1188.0 73.0 tes leurs volontez doiuent eſtre guidées par conſeil,

95.0 1040.0 1187.0 69.0 & que les ſubietz doiuent reſiſter aux iniques: mais

96.0 1095.0 1179.0 73.0 qu’elles ne puiſſent tomber en la volonté d’vn Roy,

93.0 1157.0 1188.0 71.0 c’eſt vanité de le dire, & conuaincray noſtre flateur par

96.0 1213.0 1187.0 73.0 hiſtoires certaines. Car Herodes eſtant malade fit prẽ¬

96.0 1277.0 1187.0 72.0 dre tous les Seigneurs de ſon pays, & enioignit à ſes

95.0 1334.0 1187.0 71.0 domeſtiques qu’ilz fuſſent tous mis à mort le iour de

95.0 1392.0 1187.0 69.0 ſon treſpas, pour ce ſeul appetit deſordonné d’intro¬

97.0 1453.0 1181.0 74.0 duire vn dueil vniuerſel de tout le pays par ſa mort.

96.0 1510.0 1187.0 70.0 La Royne Ieſabel commanda qu’on tuaſt tous les mi

96.0 1569.0 1186.0 74.0 niſtres de la parole de Dieu: Le Senat de Rome fit

98.0 1627.0 1179.0 76.0 tout à vn iour piller ſoixãte & dix villes de l’Empire,

96.0 1688.0 1181.0 73.0 & prendre cent ſoixante & dix mille perſonnes pri¬

96.0 1749.0 1187.0 72.0 ſonnieres, ſans auoir guerre cõtre eux, pour ſeulemẽt

95.0 1803.0 1186.0 81.0 enrichir l’armée de Paul Aemyle: Philippe Roy de

93.0 1861.0 1192.0 81.0 Macedoine fit de froit ſang ruiner Thebes, & tuer vne

95.0 1924.0 1191.0 75.0 infinité de notables citoyens, qui de bonne foy s’eſto¬

106.0 1984.0 1180.0 74.0 yent renduz à luy : Autant en fit Sylla Dictateur de

98.0 2044.0 1187.0 75.0 quelques legions Romaines, qui auoyent abandonné

97.0 2103.0 1184.0 94.0 ſon ennemi pour ſuiure ſon party : Il y a infinies ſem¬

989.0 2165.0 112.0 70.0 D 3
