1466 2342
204.0 119.0 1183.0 89.0 ſubietz du couſteau ia trait & leué pour la ruine com¬

204.0 173.0 1187.0 93.0 mune: & telle entrepriſe euſt eſté parfaite (c'eſt à dire

205.0 232.0 1185.0 94.0 accomplie de tous nombres) ſi le conſeiller & boute¬

207.0 294.0 1183.0 93.0 feu du tyran, euſt eſté au meſme inſtant eſteint & op¬

213.0 355.0 1182.0 93.0 primé auec luy, puis que telles reliques exercent & tra

212.0 415.0 1182.0 88.0 uaillẽt encores ce pauure Royaume. Mais ie veux ren

214.0 472.0 1176.0 92.0 trer aux capitulations licites d’entre les ſubietZ & leur

216.0 529.0 1182.0 96.0 Prince, & monſtrer clairement à noz Rois que leurs

220.0 584.0 1178.0 100.0 predeceſſeurs ont receu plus de ſeruice d’accroiſſemẽt

221.0 645.0 1182.0 96.0 & d’vtilité par les humbles reſiſtances & raiſonnables

220.0 709.0 1179.0 88.0 remonſtrances de leurs bons & roides ſubietz, que par

221.0 768.0 1178.0 92.0 I'aquieſcement, congratulation & ſubmiſsion ou des

221.0 826.0 1183.0 87.0 flateurs, ou des laſches ſeruiteurs & ſubietz: deſquelz

225.0 880.0 1178.0 94.0 les vns n’ont eu le ſens & ſauoir de bien digerer leurs

223.0 942.0 1185.0 89.0 commendemens, & entendre s’ils eſtoyent iuſtes & fai

226.0 1001.0 1181.0 94.0 ſables ou nom: Les autres ont eſté ſi corrompuz qu’ilz

231.0 1063.0 1180.0 93.0 ont fait les aueugles en plein midi. Et pour ce faire

234.0 1118.0 1177.0 95.0 paſſant legerement la difference qui eſt entre le bon

233.0 1184.0 1182.0 87.0 ſeruiteur & le corrõpu, l’ami & le flateur, du premier

235.0 1237.0 1178.0 97.0 deſquelz on ne reçoit que verité, diſcipline & inſtitu¬

235.0 1293.0 1181.0 95.0 tion: du dernier tenebres obſcurité corruptiõ & mal¬

236.0 1354.0 1181.0 92.0 heur : toute perſonne bien auiſée iugera eſtre à plus

244.0 1415.0 1175.0 94.0 grand heur de tomber en la correction & calumnie

243.0 1476.0 1177.0 94.0 de ſon ennemi, qu’en la circunuention & tromperie

243.0 1537.0 1180.0 90.0 de l’ami corrompu & flateur. Car combien que l’enne

246.0 1592.0 1178.0 98.0 mi reprene trop aigrement les fautes, toutes-fois il les

244.0 1653.0 1182.0 90.0 reprent enſorte que nous en tirons quelque vtilité, &

247.0 1712.0 1178.0 95.0 craignons de faillir & chopper deuant luy: & en ce fai¬

249.0 1769.0 1177.0 87.0 ſant il nous retient en bride & office:mais le ſlateur &

249.0 1829.0 1180.0 96.0 corrompu, orne & amplifie plus les erreurs & vices de

256.0 1882.0 1177.0 103.0 celui qu’il flatte, qu’il ne fait ſes vertuz & biẽ-faits, en

257.0 1945.0 1173.0 99.0 ſorte qu’il le priue de tout iugement & le rent hebeté

259.0 2005.0 1171.0 91.0 & hors de bon ſens. Or laiſſons telle generalité qui eſt

260.0 2063.0 1168.0 98.0 aſſez diſputèe par les bons autheurs, eſquelz on de¬

257.0 2120.0 1169.0 121.0 uroit inſtruire noſtre Prince: & entrons à quelques
