<?xml version="1.0" encoding="UTF-8"?>
<alto xmlns:xsi="http://www.w3.org/2001/XMLSchema-instance"
      xmlns="http://www.loc.gov/standards/alto/ns-v4#"
      xsi:schemaLocation="http://www.loc.gov/standards/alto/ns-v4# http://www.loc.gov/standards/alto/v4/alto-4-2.xsd">
  <Description>
    <MeasurementUnit>pixel</MeasurementUnit>
    <sourceImageInformation>
      <fileName>page_00028.png</fileName>
      <fileIdentifier>mets//page_00041.zip/page_00028.png</fileIdentifier>
    </sourceImageInformation>
  </Description>
  <Tags>
    <OtherTag ID="BT7" LABEL="CustomZone" DESCRIPTION="block type CustomZone"/><OtherTag ID="BT8" LABEL="DamageZone" DESCRIPTION="block type DamageZone"/><OtherTag ID="BT9" LABEL="DigitizationArtefactZone" DESCRIPTION="block type DigitizationArtefactZone"/><OtherTag ID="BT10" LABEL="DropCapitalZone" DESCRIPTION="block type DropCapitalZone"/><OtherTag ID="BT11" LABEL="GraphicZone" DESCRIPTION="block type GraphicZone"/><OtherTag ID="BT12" LABEL="MainZone" DESCRIPTION="block type MainZone"/><OtherTag ID="BT13" LABEL="MarginTextZone" DESCRIPTION="block type MarginTextZone"/><OtherTag ID="BT14" LABEL="MusicZone" DESCRIPTION="block type MusicZone"/><OtherTag ID="BT15" LABEL="NumberingZone" DESCRIPTION="block type NumberingZone"/><OtherTag ID="BT17" LABEL="QuireMarksZone" DESCRIPTION="block type QuireMarksZone"/><OtherTag ID="BT18" LABEL="RunningTitleZone" DESCRIPTION="block type RunningTitleZone"/><OtherTag ID="BT19" LABEL="SealZone" DESCRIPTION="block type SealZone"/><OtherTag ID="BT20" LABEL="StampZone" DESCRIPTION="block type StampZone"/><OtherTag ID="BT21" LABEL="TableZone" DESCRIPTION="block type TableZone"/><OtherTag ID="BT22" LABEL="TitlePageZone" DESCRIPTION="block type TitlePageZone"/><OtherTag ID="BT2695" LABEL="MainZone-P" DESCRIPTION="block type MainZone-P"/><OtherTag ID="BT2696" LABEL="MainZone-Continued" DESCRIPTION="block type MainZone-Continued"/>
    <OtherTag ID="LT7" LABEL="CustomLine" DESCRIPTION="line type CustomLine"/><OtherTag ID="LT8" LABEL="DefaultLine" DESCRIPTION="line type DefaultLine"/><OtherTag ID="LT9" LABEL="DropCapitalLine" DESCRIPTION="line type DropCapitalLine"/><OtherTag ID="LT10" LABEL="HeadingLine" DESCRIPTION="line type HeadingLine"/><OtherTag ID="LT11" LABEL="InterlinearLine" DESCRIPTION="line type InterlinearLine"/><OtherTag ID="LT12" LABEL="MusicLine" DESCRIPTION="line type MusicLine"/>
  </Tags>
  <Layout>
    <Page WIDTH="1466"
          HEIGHT="2342"
          PHYSICAL_IMG_NR="25"
          ID="eSc_dummypage_">
      <PrintSpace HPOS="0"
                  VPOS="0"
                  WIDTH="1466"
                  HEIGHT="2342">
        <TextBlock HPOS="152.0"
                   VPOS="88.0"
                   WIDTH="1222.0"
                   HEIGHT="2117.0"
                   ID="eSc_textblock_5666a551"
                   TAGREFS="BT2696">
          <Shape><Polygon POINTS="152 88 152 2205 1374 2205 1374 88"/></Shape>
          <TextLine ID="eSc_line_ac0916bd"
                    TAGREFS="LT8"
                    BASELINE="190 167 1377 154" 
                    HPOS="188.0"
                    VPOS="110.0"
                    WIDTH="1189.0"
                    HEIGHT="81.0">
            <Shape><Polygon POINTS="1373 128 1367 121 1287 121 1262 110 1256 110 1251 110 1217 121 1160 115 1158 115 1076 123 1029 111 1028 111 1027 111 1025 111 1024 111 1006 123 910 119 908 119 878 126 867 118 865 118 864 118 783 114 782 114 773 114 761 115 748 115 735 115 722 115 709 115 696 115 683 117 670 117 660 117 635 128 597 121 596 121 542 127 456 122 455 122 399 131 308 123 307 123 305 123 272 132 212 127 210 127 209 127 188 134 190 167 190 191 518 180 589 186 601 186 602 186 611 186 690 174 844 174 885 180 899 183 900 183 934 180 1022 170 1188 170 1200 176 1206 179 1208 179 1209 179 1227 175 1260 169 1282 175 1294 178 1295 178 1296 178 1376 173 1377 154 1374 131 1373 128"/></Shape>
	    <String CONTENT="point gouuernez par ſeditieux, paradoxeurs, &amp; rui¬"
                    HPOS="188.0"
                    VPOS="110.0"
                    WIDTH="1189.0"
                    HEIGHT="81.0"
                    WC="0.997701530456543"></String>
          </TextLine>
          <TextLine ID="eSc_line_20cfd3fc"
                    TAGREFS="LT8"
                    BASELINE="187 226 900 215 1377 215" 
                    HPOS="186.0"
                    VPOS="169.0"
                    WIDTH="1191.0"
                    HEIGHT="79.0">
            <Shape><Polygon POINTS="187 226 187 248 307 248 307 247 308 247 311 245 324 239 417 244 438 245 440 245 441 245 442 245 443 244 454 238 541 243 565 244 566 244 575 243 608 236 768 240 829 242 830 242 831 242 841 239 864 234 877 239 881 240 882 240 884 242 955 242 955 240 956 240 962 238 972 232 1003 238 1015 239 1016 239 1037 238 1097 231 1376 232 1377 215 1376 179 1217 169 1216 169 1114 170 1113 170 1087 182 1085 183 1019 183 1003 183 962 173 960 173 913 182 889 173 887 173 886 173 885 173 859 183 770 175 769 175 768 175 748 186 725 186 699 186 697 186 678 175 677 175 675 175 674 175 650 182 604 175 602 175 549 176 548 176 546 176 529 187 414 178 412 178 411 178 395 186 350 179 348 179 186 191 187 226"/></Shape>
	    <String CONTENT="neurs de toute police: ains par gens qui aiment le re¬"
                    HPOS="186.0"
                    VPOS="169.0"
                    WIDTH="1191.0"
                    HEIGHT="79.0"
                    WC="0.9954480230808258"></String>
          </TextLine>
          <TextLine ID="eSc_line_fb7986d8"
                    TAGREFS="LT8"
                    BASELINE="191 290 675 277 1380 274" 
                    HPOS="190.0"
                    VPOS="227.0"
                    WIDTH="1190.0"
                    HEIGHT="82.0">
            <Shape><Polygon POINTS="191 290 191 309 304 308 308 308 351 297 394 305 401 307 402 307 408 305 450 296 490 304 494 304 496 304 497 304 498 304 516 296 641 300 643 300 718 294 746 299 766 303 768 303 769 303 770 303 777 299 786 292 800 297 808 300 809 300 811 300 812 300 818 297 828 294 833 297 839 301 841 301 842 301 843 303 891 303 891 301 960 295 1010 290 1016 294 1018 295 1019 295 1020 295 1022 295 1109 291 1195 288 1204 290 1231 295 1232 295 1290 288 1291 288 1292 288 1339 296 1341 296 1342 296 1380 286 1380 274 1376 238 1278 238 1277 238 1248 227 1247 227 1245 227 1140 239 1123 240 1119 239 1101 230 1100 230 1098 230 1024 239 1011 230 1010 230 1009 230 1007 230 1006 230 981 240 977 243 830 243 822 242 792 232 791 232 790 232 746 242 733 245 705 245 701 243 691 235 690 235 688 235 687 235 650 243 635 245 617 243 567 235 566 235 565 235 546 243 539 247 519 244 477 236 424 236 423 236 421 236 420 236 410 244 408 244 339 238 338 238 337 238 316 245 304 251 259 251 248 245 234 240 233 240 231 240 230 240 218 245 212 249 190 247 191 290"/></Shape>
	    <String CONTENT="pos public &amp; conſeruation du pays. Auſsi en Allema¬"
                    HPOS="190.0"
                    VPOS="227.0"
                    WIDTH="1190.0"
                    HEIGHT="82.0"
                    WC="0.9978732723815769"></String>
          </TextLine>
          <TextLine ID="eSc_line_b4162f26"
                    TAGREFS="LT8"
                    BASELINE="188 346 864 334 1378 334" 
                    HPOS="187.0"
                    VPOS="286.0"
                    WIDTH="1191.0"
                    HEIGHT="80.0">
            <Shape><Polygon POINTS="188 346 188 366 252 360 270 365 273 366 274 366 276 366 286 365 324 360 510 361 660 363 661 363 690 359 713 355 726 357 742 361 743 361 744 361 746 361 762 357 782 352 835 356 898 360 899 360 900 360 902 360 908 355 913 349 1018 349 1048 352 1101 357 1102 357 1205 349 1225 348 1229 348 1251 356 1252 356 1253 356 1378 346 1378 334 1376 296 1266 296 1235 286 1234 286 1232 286 1231 286 1209 297 1208 297 1203 297 1147 291 1145 291 1115 297 1091 287 1089 287 1015 287 1014 287 886 301 877 301 874 301 839 290 838 290 788 290 787 290 786 290 785 290 769 300 683 291 682 291 680 291 654 304 653 304 645 304 542 292 541 292 463 294 462 294 424 307 420 307 412 307 316 295 315 295 313 295 290 308 289 308 282 308 226 301 225 301 187 308 188 346"/></Shape>
	    <String CONTENT="gne il y a pluſieurs villes ſubiettes à l’Empire qu’on"
                    HPOS="187.0"
                    VPOS="286.0"
                    WIDTH="1191.0"
                    HEIGHT="80.0"
                    WC="0.9920239318500865"></String>
          </TextLine>
          <TextLine ID="eSc_line_31e34396"
                    TAGREFS="LT8"
                    BASELINE="190 404 765 394 1377 391" 
                    HPOS="188.0"
                    VPOS="347.0"
                    WIDTH="1189.0"
                    HEIGHT="81.0">
            <Shape><Polygon POINTS="190 404 190 417 207 426 208 426 209 428 298 428 298 426 299 426 312 420 429 425 430 425 432 425 458 416 462 416 631 420 632 420 670 413 675 413 678 413 695 421 696 421 697 421 759 413 761 413 762 413 790 421 791 421 792 421 794 421 825 413 830 412 851 412 969 418 971 418 1010 412 1015 411 1018 411 1033 418 1035 418 1036 418 1068 411 1078 408 1183 408 1189 411 1205 416 1206 416 1208 416 1255 409 1279 407 1376 408 1377 391 1373 356 1268 356 1266 356 1249 347 1248 347 1247 347 1156 357 1154 359 1140 359 1127 359 1113 348 1111 348 1110 348 1109 348 1057 357 1037 349 1036 349 795 348 794 348 687 349 686 349 665 360 640 351 639 351 637 351 581 359 522 352 520 352 519 352 472 364 432 353 430 353 429 353 354 360 316 353 315 353 313 353 312 353 294 366 221 360 220 360 218 360 188 368 190 404"/></Shape>
	    <String CONTENT="appelle villes-franches, leſquelles par pactions &amp; ca¬"
                    HPOS="188.0"
                    VPOS="347.0"
                    WIDTH="1189.0"
                    HEIGHT="81.0"
                    WC="0.9984530685124574"></String>
          </TextLine>
          <TextLine ID="eSc_line_f860d345"
                    TAGREFS="LT8"
                    BASELINE="192 465 854 452 1378 452" 
                    HPOS="191.0"
                    VPOS="403.0"
                    WIDTH="1187.0"
                    HEIGHT="83.0">
            <Shape><Polygon POINTS="192 465 192 486 350 478 509 481 545 481 546 481 548 481 552 480 576 473 611 478 619 480 621 480 630 478 667 472 701 477 719 480 721 480 764 476 842 469 884 469 891 473 897 477 898 477 899 477 900 477 923 473 950 468 1054 468 1061 471 1068 474 1070 474 1071 474 1093 469 1110 465 1279 464 1285 467 1295 472 1296 472 1298 473 1343 473 1343 472 1377 464 1378 452 1376 412 1342 412 1341 412 1320 403 1318 403 1317 403 1270 413 1265 415 1088 415 1068 407 1067 407 1066 407 1064 407 1046 416 1045 416 1041 416 980 407 979 407 902 417 900 417 899 417 852 408 851 408 792 416 730 409 729 409 667 421 548 421 515 412 514 412 512 412 424 415 423 415 404 424 403 424 300 415 299 415 298 415 276 425 191 426 192 465"/></Shape>
	    <String CONTENT="pitulations, faittes auec les Empereurs viuent en eſtat"
                    HPOS="191.0"
                    VPOS="403.0"
                    WIDTH="1187.0"
                    HEIGHT="83.0"
                    WC="0.9926043163646351"></String>
          </TextLine>
          <TextLine ID="eSc_line_c860e8c3"
                    TAGREFS="LT8"
                    BASELINE="192 523 660 513 1378 510" 
                    HPOS="191.0"
                    VPOS="461.0"
                    WIDTH="1187.0"
                    HEIGHT="82.0">
            <Shape><Polygon POINTS="192 523 192 543 342 542 343 542 345 542 355 536 434 541 459 542 460 542 515 539 680 530 770 530 786 536 788 537 790 537 791 537 815 536 920 529 941 534 953 537 954 537 955 537 988 533 1041 528 1377 528 1378 510 1377 473 1339 461 1338 461 1337 461 1268 464 1266 464 1242 473 1216 463 1214 463 1213 463 1109 471 1025 464 1024 464 1023 464 988 476 912 476 898 465 897 465 895 465 894 465 893 465 878 472 830 467 829 467 828 467 826 467 813 474 747 467 746 467 692 476 654 469 653 469 652 469 634 478 600 472 598 472 597 472 581 480 460 481 345 471 343 471 342 471 309 484 191 484 192 523"/></Shape>
	    <String CONTENT="populaire, payans certains tributz, &amp; aſſubietiz de"
                    HPOS="191.0"
                    VPOS="461.0"
                    WIDTH="1187.0"
                    HEIGHT="82.0"
                    WC="0.9861660611395743"></String>
          </TextLine>
          <TextLine ID="eSc_line_0da17752"
                    TAGREFS="LT8"
                    BASELINE="187 580 842 571 1377 571" 
                    HPOS="186.0"
                    VPOS="523.0"
                    WIDTH="1191.0"
                    HEIGHT="82.0">
            <Shape><Polygon POINTS="187 580 187 605 282 605 282 603 283 603 285 603 285 602 294 597 321 602 331 603 333 603 345 602 389 593 428 601 440 602 441 602 476 599 529 595 544 598 555 601 557 601 558 601 565 598 583 592 708 595 808 599 809 599 835 594 859 589 895 593 920 595 921 595 941 593 968 588 1089 588 1094 590 1104 594 1105 594 1106 594 1107 594 1122 589 1128 588 1134 589 1148 595 1149 595 1150 595 1195 589 1209 586 1218 588 1251 595 1252 595 1253 595 1255 595 1268 588 1269 586 1275 588 1309 594 1311 594 1312 594 1313 594 1324 586 1327 585 1376 585 1377 571 1376 525 1334 523 1333 523 1331 523 1330 523 1326 525 1312 536 1274 536 1196 528 1193 528 1192 528 1191 528 1165 536 1153 528 1148 524 1147 524 1145 524 1119 524 1118 524 1117 524 1115 524 1107 529 1093 538 1049 538 1036 530 1028 525 1027 525 1025 525 964 525 963 525 934 532 913 537 897 533 885 529 884 529 882 529 881 529 868 533 848 538 826 533 815 532 813 532 812 532 811 532 808 534 802 539 783 534 770 530 769 530 768 530 766 530 753 534 751 536 748 534 733 528 731 528 650 528 649 528 648 528 624 536 602 529 601 529 600 529 559 538 544 542 472 542 464 539 440 530 438 530 414 530 412 530 411 530 410 530 395 541 391 542 333 542 318 542 291 532 290 532 289 532 287 532 286 532 269 542 268 543 264 543 227 536 226 536 186 543 187 580"/></Shape>
	    <String CONTENT="quelques deuoirs aux Empereurs. Comme en pareil"
                    HPOS="186.0"
                    VPOS="523.0"
                    WIDTH="1191.0"
                    HEIGHT="82.0"
                    WC="0.9897194897874872"></String>
          </TextLine>
          <TextLine ID="eSc_line_b1e78981"
                    TAGREFS="LT8"
                    BASELINE="186 640 882 629 1376 629" 
                    HPOS="184.0"
                    VPOS="580.0"
                    WIDTH="1192.0"
                    HEIGHT="82.0">
            <Shape><Polygon POINTS="186 640 186 654 212 662 213 662 214 662 420 660 463 651 466 651 483 651 695 657 696 657 697 657 725 649 726 649 746 657 747 657 748 658 837 658 837 657 964 646 969 646 973 646 1097 654 1098 654 1100 654 1120 645 1169 653 1170 653 1171 653 1184 646 1335 649 1337 649 1374 641 1376 629 1374 589 1277 580 1275 580 1274 580 1252 590 1249 590 1247 590 1232 585 1231 585 1230 585 1192 590 1182 592 1179 590 1163 584 1162 584 1161 584 1097 592 1081 593 1076 592 1049 582 1048 582 1046 582 1045 582 1015 593 1011 593 1005 593 946 584 945 584 943 584 942 584 929 593 926 595 844 595 843 594 830 588 829 588 828 588 826 588 825 588 815 594 812 597 725 597 723 595 706 586 705 586 644 586 643 586 641 586 621 595 585 586 584 586 583 586 544 595 525 589 524 589 523 589 471 595 458 589 456 589 369 589 368 589 367 589 346 597 281 592 279 592 278 592 253 601 252 602 184 602 186 640"/></Shape>
	    <String CONTENT="cas les Electeurs de l’Empire qui ſont ſept grans Sei¬"
                    HPOS="184.0"
                    VPOS="580.0"
                    WIDTH="1192.0"
                    HEIGHT="82.0"
                    WC="0.992049781260667"></String>
          </TextLine>
          <TextLine ID="eSc_line_72ff3b2c"
                    TAGREFS="LT8"
                    BASELINE="187 698 1376 686" 
                    HPOS="186.0"
                    VPOS="641.0"
                    WIDTH="1190.0"
                    HEIGHT="78.0">
            <Shape><Polygon POINTS="187 698 187 719 1374 702 1376 686 1374 653 1337 641 1335 641 1175 641 1174 641 1173 641 1171 641 1153 653 1140 644 1139 644 1137 644 1136 644 1084 650 1063 642 1062 642 981 642 980 642 979 642 955 654 913 655 769 645 768 645 766 645 765 645 747 658 621 658 600 651 598 651 597 651 596 651 565 659 539 647 537 647 473 647 472 647 403 654 369 649 368 649 367 649 365 649 347 662 186 663 187 698"/></Shape>
	    <String CONTENT="gneurs de l’Allemaigne, ſe reconnoiſſent ſubietz de"
                    HPOS="186.0"
                    VPOS="641.0"
                    WIDTH="1190.0"
                    HEIGHT="78.0"
                    WC="0.9959098848642087"></String>
          </TextLine>
          <TextLine ID="eSc_line_5876c560"
                    TAGREFS="LT8"
                    BASELINE="186 759 695 749 1372 746" 
                    HPOS="184.0"
                    VPOS="699.0"
                    WIDTH="1188.0"
                    HEIGHT="80.0">
            <Shape><Polygon POINTS="186 759 186 771 316 779 317 779 531 775 566 770 581 767 609 768 687 775 688 775 690 775 709 768 717 766 722 768 734 774 735 774 736 775 811 775 811 774 867 767 882 766 898 767 953 772 954 772 955 772 976 766 985 765 1370 765 1372 746 1368 709 1235 710 1232 709 1218 699 1217 699 1216 699 1144 699 1143 699 1074 710 1066 711 1058 711 979 701 977 701 976 701 959 710 943 702 942 702 846 702 844 702 679 713 618 705 617 705 615 705 584 715 578 716 561 715 473 706 472 706 423 707 421 707 403 716 399 719 270 719 265 718 242 709 240 709 239 709 238 709 214 718 212 719 184 719 186 759"/></Shape>
	    <String CONTENT="l’Empire, &amp; ſauent à quelz offices, deuoirs &amp; ſeruices"
                    HPOS="184.0"
                    VPOS="699.0"
                    WIDTH="1188.0"
                    HEIGHT="80.0"
                    WC="0.9884457815777171"></String>
          </TextLine>
          <TextLine ID="eSc_line_4962a9f6"
                    TAGREFS="LT8"
                    BASELINE="183 817 622 809 1374 805" 
                    HPOS="182.0"
                    VPOS="758.0"
                    WIDTH="1192.0"
                    HEIGHT="82.0">
            <Shape><Polygon POINTS="183 817 183 830 204 839 205 839 207 840 272 840 272 839 273 839 298 830 337 839 338 839 512 831 525 836 527 836 528 836 529 836 544 830 555 835 557 835 558 835 559 835 583 828 588 827 593 828 621 834 622 834 658 827 670 826 678 827 703 835 704 835 705 836 794 836 794 835 795 835 822 827 826 826 829 827 839 831 841 831 842 831 992 826 1075 823 1097 826 1147 831 1148 831 1149 831 1150 831 1158 824 1165 822 1373 823 1374 805 1370 758 1264 771 1106 771 1081 761 1080 761 1018 761 1016 761 1015 761 1012 762 989 771 949 762 946 762 829 762 828 762 826 762 821 763 792 774 756 765 751 763 749 763 748 763 747 763 744 765 725 774 626 768 624 768 592 775 578 766 576 765 575 765 574 765 572 765 557 766 489 776 453 767 443 766 376 766 374 766 373 766 364 768 333 779 295 779 279 770 277 767 276 767 274 767 273 767 272 767 270 767 268 770 255 778 222 770 208 767 207 767 182 770 183 817"/></Shape>
	    <String CONTENT="ils ſont obligez de s’employer enuers l’Empereur: de"
                    HPOS="182.0"
                    VPOS="758.0"
                    WIDTH="1192.0"
                    HEIGHT="82.0"
                    WC="0.990043519781186"></String>
          </TextLine>
          <TextLine ID="eSc_line_17205cd4"
                    TAGREFS="LT8"
                    BASELINE="190 878 658 867 1370 862" 
                    HPOS="188.0"
                    VPOS="817.0"
                    WIDTH="1182.0"
                    HEIGHT="83.0">
            <Shape><Polygon POINTS="190 878 190 900 329 897 330 897 331 897 342 889 399 897 402 897 403 897 404 897 427 888 510 896 516 896 518 896 519 896 520 896 554 887 609 895 614 895 615 895 617 895 618 895 631 886 682 893 686 893 687 893 700 893 859 884 923 889 937 891 938 891 940 891 943 889 966 883 1020 888 1033 889 1035 889 1036 889 1041 888 1072 880 1368 883 1370 862 1368 828 1307 828 1275 817 1274 817 1273 817 1272 817 1242 828 1242 830 1178 831 1064 831 1063 830 1050 822 1049 822 1048 822 1046 822 1045 822 1016 831 1014 831 1011 831 985 819 984 819 982 819 911 831 910 831 908 831 859 821 857 821 798 822 796 822 770 832 766 834 751 832 653 823 652 823 605 831 583 824 581 824 580 824 477 826 476 826 462 832 410 826 408 826 407 826 380 835 369 839 346 836 295 828 294 828 292 828 270 836 257 840 188 837 190 878"/></Shape>
	    <String CONTENT="preſque ſemblable eſpece ſont quelques autres Sei¬"
                    HPOS="188.0"
                    VPOS="817.0"
                    WIDTH="1182.0"
                    HEIGHT="83.0"
                    WC="0.999141491651535"></String>
          </TextLine>
          <TextLine ID="eSc_line_b26f38de"
                    TAGREFS="LT8"
                    BASELINE="190 931 1378 925" 
                    HPOS="188.0"
                    VPOS="876.0"
                    WIDTH="1190.0"
                    HEIGHT="79.0">
            <Shape><Polygon POINTS="190 931 190 944 408 955 410 955 522 948 608 953 609 953 649 944 682 952 683 952 684 952 723 944 736 952 738 952 739 952 740 953 895 953 895 952 897 952 917 942 1007 942 1035 949 1036 949 1037 949 1038 949 1059 942 1131 947 1132 947 1134 947 1135 947 1144 940 1145 940 1170 948 1171 948 1173 948 1174 948 1195 940 1196 940 1203 940 1274 947 1275 947 1307 942 1325 949 1326 949 1327 949 1377 939 1378 925 1376 876 1333 876 1331 876 1330 876 1329 876 1308 889 1192 879 1158 876 1157 876 1042 882 1041 882 1024 891 1010 882 1001 878 999 878 942 878 941 878 940 878 928 884 921 887 889 884 825 879 824 879 822 879 807 886 792 893 765 893 755 887 744 879 743 879 742 879 695 879 693 879 692 879 691 879 678 888 675 889 669 888 635 880 634 880 632 880 610 889 600 895 514 895 503 891 464 880 463 880 462 880 460 880 421 892 414 895 410 893 393 882 391 882 390 882 389 882 387 882 361 893 359 896 188 896 190 931"/></Shape>
	    <String CONTENT="gneurs feudataires de l’Empire, comme les Ducz de"
                    HPOS="188.0"
                    VPOS="876.0"
                    WIDTH="1190.0"
                    HEIGHT="79.0"
                    WC="0.9838869389222593"></String>
          </TextLine>
          <TextLine ID="eSc_line_4bd9e5d3"
                    TAGREFS="LT8"
                    BASELINE="187 994 1372 982" 
                    HPOS="186.0"
                    VPOS="935.0"
                    WIDTH="1186.0"
                    HEIGHT="74.0">
            <Shape><Polygon POINTS="187 994 187 1009 1370 1000 1372 982 1369 944 1273 935 1272 935 1162 945 1158 945 1156 945 1106 936 1105 936 1104 936 1079 947 1078 947 1071 947 995 938 994 938 993 938 960 948 956 948 949 948 880 940 878 940 831 949 825 951 718 951 679 951 640 942 639 942 637 942 636 942 623 951 622 952 492 952 490 952 449 943 447 943 395 952 358 944 356 944 355 944 318 955 315 955 307 955 236 945 235 945 186 955 187 994"/></Shape>
	    <String CONTENT="Milan, de Florence, &amp; autres: toutes ſes villes, ſes Ele¬"
                    HPOS="186.0"
                    VPOS="935.0"
                    WIDTH="1186.0"
                    HEIGHT="74.0"
                    WC="0.9931662249983403"></String>
          </TextLine>
          <TextLine ID="eSc_line_5d91cbc0"
                    TAGREFS="LT8"
                    BASELINE="184 1049 1373 1042" 
                    HPOS="183.0"
                    VPOS="996.0"
                    WIDTH="1190.0"
                    HEIGHT="77.0">
            <Shape><Polygon POINTS="184 1049 184 1068 380 1073 381 1073 501 1066 523 1065 529 1065 562 1072 563 1072 565 1072 578 1065 581 1064 594 1065 634 1070 635 1070 666 1065 686 1061 690 1064 696 1069 697 1069 699 1069 700 1069 701 1069 703 1069 710 1064 713 1063 719 1064 735 1069 736 1069 738 1069 769 1064 792 1060 802 1064 811 1068 812 1068 813 1068 815 1068 824 1064 831 1060 843 1064 860 1068 861 1068 863 1068 898 1063 919 1060 937 1063 975 1069 976 1069 977 1069 990 1063 995 1060 1009 1063 1044 1068 1045 1068 1046 1068 1048 1068 1057 1061 1061 1059 1088 1061 1147 1068 1148 1068 1149 1068 1167 1061 1176 1057 1313 1057 1320 1060 1335 1066 1337 1066 1338 1066 1372 1059 1373 1042 1370 1005 1173 996 1171 996 1080 997 1079 997 1050 1007 1049 1007 1005 997 1003 997 1002 997 973 1008 971 1008 959 1008 855 999 854 999 852 999 833 1008 833 1009 775 1009 773 1009 747 1000 746 1000 744 1000 743 1000 708 1009 705 1010 637 1010 637 1009 597 1000 596 1000 594 1000 593 1000 578 1010 576 1010 561 1010 399 1001 398 1001 300 1012 296 1013 238 1013 229 1013 207 1004 205 1004 204 1004 203 1004 183 1010 184 1049"/></Shape>
	    <String CONTENT="cteurs &amp; feudataires ont leurs charges par eſcrit, &amp; en"
                    HPOS="183.0"
                    VPOS="996.0"
                    WIDTH="1190.0"
                    HEIGHT="77.0"
                    WC="0.991708598353646"></String>
          </TextLine>
          <TextLine ID="eSc_line_94d331f4"
                    TAGREFS="LT8"
                    BASELINE="184 1112 1376 1100" 
                    HPOS="183.0"
                    VPOS="1052.0"
                    WIDTH="1193.0"
                    HEIGHT="74.0">
            <Shape><Polygon POINTS="184 1112 184 1126 1374 1117 1376 1100 1373 1064 1292 1052 1291 1052 1183 1059 1111 1053 1110 1053 1078 1060 1055 1055 1054 1055 1053 1055 1051 1055 1050 1055 1032 1065 851 1056 850 1056 804 1057 803 1057 802 1057 786 1068 740 1057 739 1057 738 1057 710 1069 628 1060 627 1060 558 1070 515 1060 514 1060 512 1060 511 1060 489 1070 381 1065 380 1065 287 1073 266 1065 265 1065 264 1065 183 1074 184 1112"/></Shape>
	    <String CONTENT="retienent par deuers eux belles lettres &amp; bien ſéellées:"
                    HPOS="183.0"
                    VPOS="1052.0"
                    WIDTH="1193.0"
                    HEIGHT="74.0"
                    WC="0.991815664644899"></String>
          </TextLine>
          <TextLine ID="eSc_line_40991377"
                    TAGREFS="LT8"
                    BASELINE="184 1169 1376 1160" 
                    HPOS="183.0"
                    VPOS="1112.0"
                    WIDTH="1193.0"
                    HEIGHT="82.0">
            <Shape><Polygon POINTS="184 1169 184 1194 231 1187 303 1193 305 1193 307 1193 308 1193 331 1180 367 1180 416 1191 419 1191 420 1193 512 1193 512 1191 514 1191 515 1191 516 1190 532 1178 557 1178 645 1189 662 1190 663 1190 714 1189 716 1189 717 1189 718 1187 734 1177 799 1186 800 1186 802 1186 809 1186 976 1178 989 1184 997 1187 998 1187 999 1187 1032 1184 1098 1174 1127 1181 1128 1181 1130 1181 1206 1173 1373 1178 1376 1160 1372 1112 1298 1120 1266 1112 1265 1112 1264 1112 1262 1112 1261 1112 1260 1112 1238 1125 1201 1126 1055 1126 1037 1115 1037 1113 1036 1113 1035 1113 1033 1113 959 1115 958 1115 956 1115 936 1128 863 1128 803 1116 800 1116 799 1116 796 1116 722 1128 656 1117 654 1117 653 1117 652 1117 628 1130 570 1130 544 1117 542 1117 541 1117 540 1117 459 1118 458 1118 456 1118 436 1131 371 1131 341 1120 339 1120 338 1120 337 1120 308 1131 266 1120 265 1120 264 1120 262 1120 261 1120 260 1120 229 1129 183 1121 184 1169"/></Shape>
	    <String CONTENT="à fin de ne faillir en leur deuoir, &amp; pour auoir l’œil"
                    HPOS="183.0"
                    VPOS="1112.0"
                    WIDTH="1193.0"
                    HEIGHT="82.0"
                    WC="0.9976976557211442"></String>
          </TextLine>
          <TextLine ID="eSc_line_9e5dc4cd"
                    TAGREFS="LT8"
                    BASELINE="186 1228 1372 1217" 
                    HPOS="184.0"
                    VPOS="1174.0"
                    WIDTH="1188.0"
                    HEIGHT="76.0">
            <Shape><Polygon POINTS="186 1228 186 1242 331 1250 333 1250 368 1242 376 1241 391 1242 460 1249 462 1249 692 1241 703 1241 712 1241 885 1245 886 1245 919 1239 938 1237 971 1239 1024 1243 1025 1243 1027 1243 1028 1243 1033 1239 1038 1236 1050 1239 1067 1243 1068 1243 1070 1243 1093 1238 1115 1234 1136 1238 1154 1242 1156 1242 1157 1242 1158 1242 1163 1238 1170 1234 1176 1238 1180 1241 1182 1241 1183 1241 1184 1241 1199 1238 1225 1233 1369 1237 1372 1217 1369 1186 1300 1186 1266 1174 1265 1174 1264 1174 1262 1174 1238 1182 1075 1176 1074 1176 1072 1176 1048 1189 1020 1189 989 1177 988 1177 926 1177 925 1177 878 1184 839 1178 838 1178 837 1178 835 1178 820 1189 777 1190 731 1182 730 1182 684 1191 328 1194 312 1185 311 1185 309 1185 266 1184 265 1184 264 1184 239 1195 184 1195 186 1228"/></Shape>
	    <String CONTENT="qu’il ne s’entreprene aucune choſe ſur eux: &amp; toutes¬"
                    HPOS="184.0"
                    VPOS="1174.0"
                    WIDTH="1188.0"
                    HEIGHT="76.0"
                    WC="0.9947976402516635"></String>
          </TextLine>
          <TextLine ID="eSc_line_b69b3f52"
                    TAGREFS="LT8"
                    BASELINE="184 1286 1373 1278" 
                    HPOS="183.0"
                    VPOS="1232.0"
                    WIDTH="1190.0"
                    HEIGHT="79.0">
            <Shape><Polygon POINTS="184 1286 184 1311 285 1310 286 1310 315 1299 374 1310 381 1310 382 1310 391 1308 433 1303 477 1308 488 1308 489 1308 490 1308 492 1308 492 1307 505 1299 533 1307 539 1308 540 1308 541 1308 557 1307 628 1297 701 1297 712 1303 713 1303 714 1303 716 1303 717 1303 740 1297 779 1303 792 1306 794 1306 809 1303 854 1294 1018 1294 1044 1301 1046 1301 1048 1301 1049 1301 1050 1301 1051 1301 1062 1294 1165 1294 1178 1298 1191 1303 1192 1303 1193 1303 1227 1298 1258 1293 1270 1298 1285 1303 1286 1303 1287 1303 1288 1303 1305 1297 1314 1294 1372 1295 1373 1278 1370 1238 1333 1232 1331 1232 1330 1232 1329 1232 1320 1238 1313 1243 1169 1243 1162 1239 1144 1233 1143 1233 977 1233 976 1233 975 1233 947 1242 940 1246 782 1246 779 1245 752 1236 751 1236 749 1236 674 1243 645 1236 644 1236 643 1236 641 1236 640 1236 623 1246 622 1247 528 1247 527 1247 511 1237 510 1237 509 1237 463 1237 462 1237 404 1245 368 1238 367 1238 365 1238 364 1238 350 1249 309 1239 308 1239 269 1249 249 1239 248 1239 247 1239 246 1239 233 1246 204 1241 203 1241 201 1241 183 1249 184 1286"/></Shape>
	    <String CONTENT="fois ilz ſont ſubietz de l’Empereur &amp; de l’Empire: &amp;"
                    HPOS="183.0"
                    VPOS="1232.0"
                    WIDTH="1190.0"
                    HEIGHT="79.0"
                    WC="0.9911093333592782"></String>
          </TextLine>
          <TextLine ID="eSc_line_88dca96c"
                    TAGREFS="LT8"
                    BASELINE="183 1349 734 1338 1370 1336" 
                    HPOS="182.0"
                    VPOS="1289.0"
                    WIDTH="1188.0"
                    HEIGHT="79.0">
            <Shape><Polygon POINTS="183 1349 186 1366 193 1360 201 1366 205 1368 207 1368 208 1368 209 1368 432 1367 433 1367 441 1363 451 1359 549 1363 608 1364 609 1364 610 1364 619 1362 641 1357 712 1362 744 1363 746 1363 747 1363 752 1360 761 1357 880 1359 881 1359 938 1353 976 1359 980 1359 981 1359 988 1359 1055 1351 1080 1358 1081 1358 1083 1358 1085 1358 1182 1350 1368 1355 1370 1336 1368 1297 1314 1289 1313 1289 1312 1289 1292 1297 1286 1299 1274 1297 1236 1290 1235 1290 1234 1290 1209 1298 1204 1299 1200 1298 1179 1290 1178 1290 1176 1290 1140 1299 1131 1301 1109 1299 1027 1293 1025 1293 984 1301 981 1301 980 1301 929 1293 928 1293 926 1293 894 1302 887 1303 884 1302 868 1294 867 1294 828 1294 826 1294 825 1294 805 1303 800 1305 770 1303 650 1297 649 1297 592 1306 587 1306 584 1306 554 1297 553 1297 552 1297 550 1297 529 1306 527 1307 514 1306 428 1298 427 1298 425 1298 397 1308 393 1310 182 1310 183 1349"/></Shape>
	    <String CONTENT="ont capitulé auoc leur Seigneur. Ilz ſont donc rebelles &amp;"
                    HPOS="182.0"
                    VPOS="1289.0"
                    WIDTH="1188.0"
                    HEIGHT="79.0"
                    WC="0.9928966781188702"></String>
          </TextLine>
          <TextLine ID="eSc_line_17c90723"
                    TAGREFS="LT8"
                    BASELINE="183 1406 1372 1393" 
                    HPOS="182.0"
                    VPOS="1346.0"
                    WIDTH="1190.0"
                    HEIGHT="81.0">
            <Shape><Polygon POINTS="183 1406 183 1427 229 1420 419 1424 420 1424 421 1424 658 1415 1370 1415 1372 1393 1368 1359 1234 1359 1216 1347 1214 1347 1213 1347 1156 1346 1154 1346 1153 1346 1119 1360 1070 1349 1068 1349 1067 1349 1044 1360 1009 1349 1007 1349 1006 1349 958 1358 913 1349 912 1349 911 1349 882 1362 854 1350 852 1350 777 1350 775 1350 774 1350 725 1364 658 1351 657 1351 589 1366 545 1354 544 1354 542 1354 541 1354 509 1362 458 1354 456 1354 455 1354 417 1368 209 1364 208 1364 207 1364 182 1371 183 1406"/></Shape>
	    <String CONTENT="conuaincuz de leze Maieſté. Car ilz donnent bien or¬"
                    HPOS="182.0"
                    VPOS="1346.0"
                    WIDTH="1190.0"
                    HEIGHT="81.0"
                    WC="0.9900670602636518"></String>
          </TextLine>
          <TextLine ID="eSc_line_93075448"
                    TAGREFS="LT8"
                    BASELINE="182 1466 1370 1453" 
                    HPOS="180.0"
                    VPOS="1409.0"
                    WIDTH="1190.0"
                    HEIGHT="79.0">
            <Shape><Polygon POINTS="182 1466 182 1488 592 1484 598 1484 657 1474 894 1478 895 1478 977 1471 998 1479 1002 1480 1003 1480 1005 1480 1006 1480 1007 1480 1009 1479 1018 1472 1055 1478 1064 1479 1066 1479 1067 1479 1068 1479 1070 1478 1084 1470 1179 1470 1212 1476 1221 1478 1222 1478 1223 1478 1225 1478 1226 1476 1239 1467 1286 1467 1308 1475 1309 1475 1311 1475 1370 1474 1370 1453 1368 1415 1325 1409 1324 1409 1322 1409 1321 1409 1312 1415 1305 1419 1229 1419 1221 1415 1214 1411 1213 1411 1212 1411 1210 1411 1209 1411 1196 1415 1184 1420 1035 1420 1025 1416 1015 1411 1014 1411 1012 1411 976 1416 954 1419 930 1416 895 1413 894 1413 847 1416 772 1424 712 1418 688 1415 687 1415 686 1415 677 1418 645 1427 533 1427 486 1418 480 1418 479 1418 477 1418 476 1419 460 1427 434 1422 433 1422 364 1428 348 1420 347 1420 346 1420 268 1429 180 1420 182 1466"/></Shape>
	    <String CONTENT="dre qu’on ne les greue d’aucune choſe tyranniquemẽt"
                    HPOS="180.0"
                    VPOS="1409.0"
                    WIDTH="1190.0"
                    HEIGHT="79.0"
                    WC="0.9965561708578696"></String>
          </TextLine>
          <TextLine ID="eSc_line_f42fd0b3"
                    TAGREFS="LT8"
                    BASELINE="186 1524 1029 1513 1370 1514" 
                    HPOS="184.0"
                    VPOS="1465.0"
                    WIDTH="1186.0"
                    HEIGHT="80.0">
            <Shape><Polygon POINTS="186 1524 186 1539 294 1545 295 1545 296 1545 311 1539 315 1537 333 1539 403 1544 404 1544 523 1541 524 1541 525 1541 529 1537 533 1535 568 1537 640 1541 641 1541 749 1536 820 1532 1370 1532 1370 1514 1368 1465 1330 1467 1329 1467 1327 1467 1316 1478 1147 1478 1128 1470 1123 1467 1122 1467 1120 1467 1075 1468 1074 1468 1068 1471 1050 1479 998 1472 979 1470 977 1470 956 1472 913 1480 881 1475 859 1471 857 1471 735 1474 734 1474 733 1474 727 1478 722 1480 704 1479 641 1472 640 1472 639 1472 614 1480 601 1484 591 1481 574 1476 572 1476 571 1476 570 1476 568 1476 562 1481 557 1485 484 1485 477 1484 451 1475 450 1475 449 1475 447 1475 446 1475 433 1484 430 1487 391 1487 382 1485 330 1476 329 1476 328 1476 295 1488 184 1489 186 1524"/></Shape>
	    <String CONTENT="outre leur deuoir: &amp; que l’Empereur ne les traitte à"
                    HPOS="184.0"
                    VPOS="1465.0"
                    WIDTH="1186.0"
                    HEIGHT="80.0"
                    WC="0.9814162692933712"></String>
          </TextLine>
          <TextLine ID="eSc_line_c8c2c443"
                    TAGREFS="LT8"
                    BASELINE="183 1583 1367 1570" 
                    HPOS="182.0"
                    VPOS="1523.0"
                    WIDTH="1185.0"
                    HEIGHT="82.0">
            <Shape><Polygon POINTS="183 1583 183 1597 299 1605 300 1605 466 1597 537 1593 562 1596 601 1601 602 1601 691 1600 692 1600 701 1596 709 1592 748 1596 773 1597 774 1597 775 1597 777 1597 779 1595 787 1591 838 1595 869 1597 871 1597 872 1597 881 1595 900 1589 1035 1589 1072 1593 1091 1596 1092 1596 1106 1593 1140 1588 1234 1593 1245 1593 1247 1593 1251 1593 1286 1586 1364 1592 1367 1570 1361 1527 1344 1536 1301 1536 1272 1528 1245 1523 1244 1523 1243 1523 1223 1530 1201 1537 1130 1537 1118 1531 1106 1526 1105 1526 1061 1526 1059 1526 1058 1526 1040 1532 1029 1537 975 1540 949 1540 941 1535 930 1527 929 1527 928 1527 926 1527 925 1527 899 1534 798 1528 796 1528 795 1528 794 1528 781 1537 764 1530 762 1530 761 1530 706 1537 674 1530 673 1530 671 1530 670 1530 645 1540 636 1543 626 1540 596 1531 594 1531 549 1531 548 1531 510 1532 509 1532 507 1532 493 1543 489 1545 298 1547 287 1545 220 1535 218 1535 217 1535 182 1547 183 1583"/></Shape>
	    <String CONTENT="ſon appetit, &amp; ſelon ſa ſenſũalité: combien qu’il n’y"
                    HPOS="182.0"
                    VPOS="1523.0"
                    WIDTH="1185.0"
                    HEIGHT="82.0"
                    WC="0.9932083574208346"></String>
          </TextLine>
          <TextLine ID="eSc_line_cbe1b973"
                    TAGREFS="LT8"
                    BASELINE="182 1643 1368 1630" 
                    HPOS="180.0"
                    VPOS="1583.0"
                    WIDTH="1188.0"
                    HEIGHT="81.0">
            <Shape><Polygon POINTS="182 1643 182 1656 296 1664 298 1664 417 1662 419 1662 436 1655 438 1653 450 1653 529 1661 531 1661 570 1653 576 1652 585 1652 654 1660 656 1660 657 1660 677 1652 679 1651 713 1651 891 1657 893 1657 988 1648 1012 1647 1041 1648 1135 1653 1136 1653 1137 1653 1139 1653 1149 1647 1153 1645 1367 1645 1368 1630 1367 1596 1325 1583 1324 1583 1322 1583 1321 1583 1296 1592 1272 1583 1270 1583 1269 1583 1208 1589 1009 1586 1007 1586 955 1593 923 1587 921 1587 920 1587 904 1595 891 1587 890 1587 889 1587 887 1587 886 1587 857 1601 856 1601 852 1601 782 1592 781 1592 779 1592 746 1602 743 1604 634 1604 627 1604 545 1591 544 1591 542 1591 541 1591 522 1605 180 1608 182 1643"/></Shape>
	    <String CONTENT="ait gens au monde qui reuerent plus ſa Maieſté &amp; de"
                    HPOS="180.0"
                    VPOS="1583.0"
                    WIDTH="1188.0"
                    HEIGHT="81.0"
                    WC="0.9926973409377612"></String>
          </TextLine>
          <TextLine ID="eSc_line_13cadd20"
                    TAGREFS="LT8"
                    BASELINE="184 1703 1368 1686" 
                    HPOS="183.0"
                    VPOS="1642.0"
                    WIDTH="1185.0"
                    HEIGHT="83.0">
            <Shape><Polygon POINTS="184 1703 184 1725 1367 1708 1368 1686 1365 1653 1278 1642 1277 1642 1275 1642 1249 1653 1248 1655 1184 1655 1171 1653 1093 1644 1092 1644 1091 1644 1067 1655 1062 1656 1046 1655 990 1647 989 1647 937 1655 910 1658 899 1655 884 1648 882 1648 881 1648 841 1655 813 1660 786 1655 752 1649 751 1649 749 1649 738 1656 726 1661 632 1661 622 1656 613 1652 611 1652 610 1652 554 1656 443 1666 376 1666 356 1657 352 1656 351 1656 350 1656 341 1657 292 1666 261 1657 259 1657 257 1657 256 1657 183 1657 184 1703"/></Shape>
	    <String CONTENT="I&#x27;Empire qu’eux. Or voudroy-ie que noſtre parado¬"
                    HPOS="183.0"
                    VPOS="1642.0"
                    WIDTH="1185.0"
                    HEIGHT="83.0"
                    WC="0.9963510024304293"></String>
          </TextLine>
          <TextLine ID="eSc_line_d29b8612"
                    TAGREFS="LT8"
                    BASELINE="186 1760 1372 1747" 
                    HPOS="184.0"
                    VPOS="1704.0"
                    WIDTH="1188.0"
                    HEIGHT="75.0">
            <Shape><Polygon POINTS="186 1760 186 1779 1372 1765 1372 1747 1369 1709 1318 1704 1317 1704 1281 1710 1261 1713 1256 1710 1248 1705 1247 1705 1245 1705 1152 1705 1150 1705 1149 1705 1128 1712 1117 1716 1100 1713 1064 1707 1063 1707 1033 1713 1024 1716 1020 1714 1007 1708 1006 1708 926 1708 925 1708 924 1708 923 1708 912 1716 908 1718 842 1718 834 1717 805 1709 804 1709 803 1709 802 1709 800 1709 788 1717 787 1718 785 1717 762 1710 761 1710 760 1710 759 1710 744 1718 740 1721 658 1721 622 1720 438 1713 437 1713 393 1723 390 1723 387 1723 354 1718 352 1718 184 1726 186 1760"/></Shape>
	    <String CONTENT="xeur s’en allaſt parquer en vne chaire au milieu de"
                    HPOS="184.0"
                    VPOS="1704.0"
                    WIDTH="1188.0"
                    HEIGHT="75.0"
                    WC="0.9995367865936429"></String>
          </TextLine>
          <TextLine ID="eSc_line_9711dd3a"
                    TAGREFS="LT8"
                    BASELINE="186 1820 1367 1804" 
                    HPOS="184.0"
                    VPOS="1759.0"
                    WIDTH="1183.0"
                    HEIGHT="85.0">
            <Shape><Polygon POINTS="186 1820 187 1844 204 1835 248 1843 251 1843 252 1843 253 1843 272 1837 427 1841 458 1841 459 1841 467 1839 509 1831 562 1838 576 1839 578 1839 600 1838 684 1829 816 1834 871 1835 872 1835 886 1833 913 1826 941 1831 956 1834 958 1834 959 1834 960 1834 964 1831 975 1825 1016 1830 1038 1833 1040 1833 1054 1830 1080 1824 1365 1824 1367 1804 1364 1772 1169 1759 1167 1759 1111 1760 1110 1760 1078 1772 1068 1776 1046 1776 1041 1772 1027 1761 1025 1761 1024 1761 1023 1761 1022 1761 988 1772 985 1773 871 1774 856 1772 818 1764 817 1764 816 1764 795 1772 785 1776 772 1772 751 1765 749 1765 678 1765 677 1765 675 1765 660 1772 645 1778 604 1772 598 1772 597 1772 596 1772 594 1772 565 1782 427 1782 416 1776 415 1776 414 1776 412 1776 351 1783 312 1772 304 1770 303 1770 302 1770 246 1772 244 1772 243 1772 243 1773 230 1779 184 1773 186 1820"/></Shape>
	    <String CONTENT="l’Allemaigne, &amp; perſuader ſa propoſition à l’Empe¬"
                    HPOS="184.0"
                    VPOS="1759.0"
                    WIDTH="1183.0"
                    HEIGHT="85.0"
                    WC="0.9976035847383387"></String>
          </TextLine>
          <TextLine ID="eSc_line_0e217909"
                    TAGREFS="LT8"
                    BASELINE="186 1880 1365 1864" 
                    HPOS="184.0"
                    VPOS="1820.0"
                    WIDTH="1181.0"
                    HEIGHT="78.0">
            <Shape><Polygon POINTS="186 1880 186 1894 456 1898 458 1898 680 1887 706 1887 713 1887 769 1894 770 1894 946 1885 973 1884 986 1884 1064 1890 1066 1890 1067 1890 1087 1882 1089 1882 1097 1882 1162 1889 1163 1889 1165 1889 1193 1881 1197 1881 1204 1881 1265 1887 1266 1887 1268 1887 1269 1887 1281 1880 1364 1878 1365 1864 1361 1829 1219 1829 1199 1820 1197 1820 1147 1820 1145 1820 1144 1820 1114 1830 1081 1820 1080 1820 1079 1820 1045 1821 1044 1821 1024 1831 972 1821 971 1821 969 1821 947 1829 876 1824 874 1824 873 1824 844 1834 635 1826 634 1826 632 1826 591 1837 557 1828 555 1828 480 1828 479 1828 428 1839 382 1829 381 1829 184 1843 186 1880"/></Shape>
	    <String CONTENT="reur &amp; à ſes ſubietz Electeurs, &amp; villes franches, pour"
                    HPOS="184.0"
                    VPOS="1820.0"
                    WIDTH="1181.0"
                    HEIGHT="78.0"
                    WC="0.989030656005655"></String>
          </TextLine>
          <TextLine ID="eSc_line_e8549f8e"
                    TAGREFS="LT8"
                    BASELINE="187 1937 1365 1924" 
                    HPOS="186.0"
                    VPOS="1881.0"
                    WIDTH="1179.0"
                    HEIGHT="77.0">
            <Shape><Polygon POINTS="187 1937 187 1951 295 1958 296 1958 395 1956 397 1956 416 1950 423 1949 446 1950 522 1955 523 1955 680 1949 708 1947 718 1947 769 1952 770 1952 772 1952 794 1947 805 1945 833 1947 885 1951 886 1951 887 1951 889 1951 897 1946 903 1943 1364 1943 1365 1924 1361 1891 1226 1891 1200 1884 1199 1884 1197 1884 1196 1884 1183 1890 1131 1881 1130 1881 973 1894 822 1885 821 1885 820 1885 773 1897 725 1886 723 1886 678 1895 645 1887 644 1887 643 1887 555 1895 516 1889 515 1889 429 1899 342 1890 341 1890 339 1890 298 1902 231 1895 230 1895 186 1903 187 1937"/></Shape>
	    <String CONTENT="connoiſtre comme il y ſeroit bien venu, les ayant ia"
                    HPOS="186.0"
                    VPOS="1881.0"
                    WIDTH="1179.0"
                    HEIGHT="77.0"
                    WC="0.9983819115620393"></String>
          </TextLine>
          <TextLine ID="eSc_line_c5006a69"
                    TAGREFS="LT8"
                    BASELINE="187 1997 1364 1982" 
                    HPOS="186.0"
                    VPOS="1936.0"
                    WIDTH="1178.0"
                    HEIGHT="78.0">
            <Shape><Polygon POINTS="187 1997 187 2014 1270 1997 1272 1997 1305 2002 1307 2002 1364 1994 1364 1982 1361 1949 1285 1949 1264 1936 1262 1936 1261 1936 1260 1936 1258 1936 1229 1949 1195 1936 1193 1936 1149 1936 1148 1936 1147 1936 1118 1950 1096 1937 1094 1937 1093 1937 1042 1937 1041 1937 1040 1937 981 1951 891 1939 890 1939 781 1954 766 1943 765 1943 764 1943 722 1941 721 1941 719 1941 663 1955 594 1947 593 1947 592 1947 591 1947 575 1956 502 1955 484 1945 483 1945 481 1945 428 1954 402 1945 401 1945 399 1945 398 1945 367 1959 346 1946 345 1946 343 1946 299 1946 298 1946 296 1946 262 1962 186 1962 187 1997"/></Shape>
	    <String CONTENT="vne fois abuſez, quand en preſche public il declaira"
                    HPOS="186.0"
                    VPOS="1936.0"
                    WIDTH="1178.0"
                    HEIGHT="78.0"
                    WC="0.9957372305484918"></String>
          </TextLine>
          <TextLine ID="eSc_line_7763ea28"
                    TAGREFS="LT8"
                    BASELINE="183 2053 1352 2044" 
                    HPOS="182.0"
                    VPOS="1997.0"
                    WIDTH="1170.0"
                    HEIGHT="82.0">
            <Shape><Polygon POINTS="183 2053 183 2079 430 2071 481 2076 483 2076 484 2076 518 2063 550 2073 552 2073 553 2073 615 2063 726 2073 727 2073 729 2073 730 2073 747 2062 811 2072 812 2072 872 2060 1015 2067 1016 2067 1018 2067 1019 2067 1031 2058 1256 2058 1350 2070 1352 2044 1350 2001 1093 1997 1092 1997 1091 1997 1089 1997 1084 2001 1076 2006 1051 2001 1028 1997 1027 1997 916 1998 915 1998 908 2002 893 2010 852 2002 838 1999 837 1999 835 1999 834 1999 831 2002 817 2012 542 2012 520 2003 515 2001 514 2001 512 2001 511 2001 506 2003 485 2014 438 2005 437 2005 436 2005 415 2014 393 2003 389 2002 387 2002 386 2002 385 2002 380 2003 342 2015 311 2007 309 2007 308 2007 223 2015 182 2005 183 2053"/></Shape>
	    <String CONTENT="que luy &amp; ſon frere tenoyent la cõfeſsion d’Ausbourg"
                    HPOS="182.0"
                    VPOS="1997.0"
                    WIDTH="1170.0"
                    HEIGHT="82.0"
                    WC="0.993288886996935"></String>
          </TextLine>
          <TextLine ID="eSc_line_e0492b94"
                    TAGREFS="LT8"
                    BASELINE="188 2114 1368 2099" 
                    HPOS="187.0"
                    VPOS="2055.0"
                    WIDTH="1181.0"
                    HEIGHT="82.0">
            <Shape><Polygon POINTS="188 2114 188 2137 282 2136 283 2136 302 2128 324 2135 325 2135 326 2135 356 2135 963 2120 988 2122 1044 2127 1045 2127 1368 2114 1368 2099 1365 2067 1291 2067 1262 2055 1261 2055 1260 2055 1217 2062 1180 2057 1179 2057 1178 2057 1176 2057 1161 2067 1080 2058 1079 2058 1027 2070 1025 2070 1024 2070 984 2059 982 2059 981 2059 980 2059 940 2071 937 2071 934 2071 908 2060 907 2060 906 2060 904 2060 878 2067 848 2060 847 2060 846 2060 825 2072 822 2073 719 2073 717 2072 704 2067 703 2067 701 2067 700 2067 684 2073 682 2075 545 2075 544 2075 532 2067 531 2067 529 2067 528 2067 488 2072 406 2066 404 2066 403 2066 402 2066 389 2073 296 2067 295 2067 294 2067 265 2077 260 2079 187 2079 188 2114"/></Shape>
	    <String CONTENT="penſant par ce moyen aquerir vne adoption de Prin¬"
                    HPOS="187.0"
                    VPOS="2055.0"
                    WIDTH="1181.0"
                    HEIGHT="82.0"
                    WC="0.993645384311676"></String>
          </TextLine>
          <TextLine ID="eSc_line_db781968"
                    TAGREFS="LT8"
                    BASELINE="190 2174 1365 2158" 
                    HPOS="188.0"
                    VPOS="2114.0"
                    WIDTH="1177.0"
                    HEIGHT="96.0">
            <Shape><Polygon POINTS="190 2174 190 2210 313 2202 363 2206 384 2207 385 2207 386 2207 387 2207 390 2205 411 2193 443 2204 451 2206 453 2206 454 2206 481 2204 536 2196 563 2201 580 2204 581 2204 749 2197 773 2202 774 2202 775 2202 777 2202 778 2202 787 2194 799 2185 876 2185 894 2192 902 2194 903 2194 904 2194 906 2194 916 2192 937 2185 967 2191 988 2193 989 2193 990 2193 998 2189 1009 2184 1027 2188 1038 2191 1040 2191 1041 2191 1051 2188 1072 2181 1175 2181 1191 2184 1248 2196 1249 2196 1251 2196 1282 2181 1286 2180 1364 2180 1365 2158 1360 2115 1333 2126 1223 2126 1206 2118 1197 2114 1196 2114 1195 2114 1117 2115 1115 2115 1114 2115 1106 2120 1101 2124 1092 2120 1078 2115 1076 2115 1075 2115 1074 2115 1072 2115 1064 2122 1054 2128 1015 2123 1006 2122 1005 2122 1003 2122 998 2123 979 2128 967 2123 953 2118 951 2118 950 2118 880 2126 863 2127 855 2126 818 2119 817 2119 816 2119 790 2127 775 2132 761 2128 753 2126 752 2126 751 2126 726 2128 703 2132 699 2129 690 2123 688 2123 687 2123 686 2123 684 2123 683 2123 673 2129 669 2133 578 2135 507 2135 507 2133 484 2124 483 2124 481 2124 430 2133 406 2124 404 2124 403 2124 286 2126 285 2126 255 2136 222 2132 221 2132 220 2132 188 2140 190 2174"/></Shape>
	    <String CONTENT="ces de l’Empire, pource qu’ilz eſtoyent ſur le point"
                    HPOS="188.0"
                    VPOS="2114.0"
                    WIDTH="1177.0"
                    HEIGHT="96.0"
                    WC="0.989092889886636"></String>
          </TextLine>
        </TextBlock>
      </PrintSpace>
    </Page>
  </Layout>
</alto>
