1466 2342
173.0 123.0 1200.0 70.0 bles contrats faits reciproquement entre les Princes

174.0 179.0 1194.0 68.0 & ſubiets. Et le droit ciuil tant Grec que Romain &

180.0 242.0 1188.0 66.0 François ſont pleins des reigles & du moyen qu’il

175.0 300.0 1192.0 64.0 conuient obſeruer aux contrats d’entre les Princes &

175.0 357.0 1195.0 74.0 leurs ſubiets. Ie veux auſsi qu’outre le grand manie¬

177.0 417.0 1191.0 77.0 ment d’affaires, l’abondant patrimoine & reuenu qui

177.0 474.0 1190.0 76.0 ſe doit conſiderer en vn eſtat Royal, qui peut eſtre

177.0 536.0 1191.0 71.0 commun à toutes perſonnes n’eſtant illuſtrées de telle

177.0 592.0 1187.0 79.0 dignité & outhorité, on mette en ligne de comte l’oſ¬

177.0 653.0 1186.0 71.0 fice d’vn Roy & Prince, qui a infinies belles contem¬

180.0 710.0 1189.0 78.0 plations, leſquelles ſont correlatiues à celles du ſub¬

179.0 774.0 1186.0 75.0 iet, par pluſieurs reſpets, qui les rendent neceſſaires

179.0 830.0 1189.0 78.0 pour negocier, trafiquer, contracter, & tranſiger en¬

180.0 892.0 1185.0 70.0 ſemblément. Et pour entrer par le principal deuoir

182.0 947.0 1191.0 75.0 du Prince, qui giſt à regir & gouuerner ſes ſubiets, il

182.0 1008.0 1187.0 77.0 eſt impoſsible de le parfaitemẽt exploiter, ſi le Prince

182.0 1068.0 1185.0 75.0 ne communique iournellement auec ceux qu’il gou¬

184.0 1128.0 1186.0 71.0 uerne & regit: s’il n’entend les actions, les meurs & la

187.0 1185.0 1178.0 73.0 police de ſa cité, s’il ne conſulte auec eux de tous les

186.0 1242.0 1179.0 73.0 eſtats deſquels la Republique eſt compoſée, comme

186.0 1298.0 1177.0 81.0 de la religion, du conſeil, de la iuſtice, des magiſtrats,

186.0 1362.0 1181.0 70.0 des finances, de l’art militaire: & en tous ces articles

190.0 1415.0 1179.0 74.0 s’il n’vſe de conſeil & moderation politique, priſe des

187.0 1476.0 1182.0 81.0 hommes ſages & bien auiſez: & principalement de ſa

187.0 1535.0 1181.0 78.0 nation, qui ſont plus fideles & mieux diſciplinez en

187.0 1596.0 1181.0 77.0 icelles que les eſtrangers. Car de penſer que le Prince

192.0 1651.0 1175.0 74.0 ſeul ſans l’aide d’autruy, puiſſe mettre à effet telles

199.0 1713.0 1169.0 78.0 grandes & importantes functions: ce ſeroit penſer

199.0 1774.0 1173.0 73.0 qu’vn homme ſeul pourroit aualer tout l’Ocean;

195.0 1829.0 1170.0 79.0 Auſsi de luy vouloir conſeiller qu’il entrepriſt telles

195.0 1886.0 1173.0 77.0 actions ciuiles auec l’aide ſupport & cõſeil des eſtran¬

199.0 1952.0 1173.0 75.0 gers, reiettãt celuy des ſiens, ce ſeroit faire nauiger vn

197.0 2010.0 1175.0 76.0 pilote en mer inconneüe, & manier affaires en tene¬

197.0 2070.0 1176.0 75.0 bres & à taſtons, conſequemment peruertir tout or¬

200.0 2126.0 1172.0 83.0 dre politique. Pareillement ce ſeroit offenſer les au¬
