2481 3508
248 111 1943 193 Dela Bibliothẽ. de Charles Adrien Picard 1742

2024 257 98 142 S219

570 432 1568 181 Prologue du preſent liure par maiſtre robert

365 578 1682 135 freſcher bachelier forme en theologie tranſlateur.

321 853 1799 125 Beroſe ainſi que iozephe nous a laiſſe par eſcript

337 949 1797 118 fut natif de la cite de babilone il eſtoit pbr̃e coronique.ͬ

333 1036 1812 113 et notaire public car pour lors loffice des pbrẽs eſtoit

339 1122 1791 113 de rediger par eſcript le temps que les roys regnoyent

339 1208 1691 113 ensemble leurs geſtes et beaulx faitz comine recite

343 1301 1767 109 metaſtenes au liure des iugemens des temps. Et a

337 1387 1754 117 ceſte cauſe fiſt ung extrait des fleurs des yſtoires

337 1477 1812 113 caldaiques en laquelle il a obſerue le temps et anti¬

344 1564 1788 110 quites depuis le deluge qui fut du temps de noe ꝑ

341 1652 1800 119 eſcript son hyſtoire pendent la monarchie dalixãdre

335 1750 1734 107 le grant qui eſtoit deuant lincarnation enuiron

337 1830 1779 114 iii.ͨ ans. Et de la creation du monde iiii.ͫ uiii.ͨ lix

335 1917 1834 111 en langue grecque fut treſexpert regent en philozophie

331 2005 1797 113 en luniuerſite dathenes du quel comme dit pline les

325 2095 1828 113 atheniens auoyent telle extime quilz firent faire a ſõ

329 2186 1828 109 honneur ung ymaige ayant la langue doree qui fut

331 2266 1766 117 colloque en vne des eſcolles publicque ou il faiſoit

325 2350 1779 121 les lectures il a compoſe vng petit volume diuiſe

329 2445 1793 115 en cinq liures. Au premier duquel recite ce que ont

330 2531 1849 123 eſcript les caldaicques du temps depuis adam iuſqẽ

331 2625 1824 119 au deluge. Au ſecond de la genealogie des premiers

329 2720 1807 113 roys princes et ſeigneurs qui premieremẽt regnerent

323 2806 1814 121 apres le deluge. au iii ͤ de lantiquite de noe et com

319 2897 1822 125 ment Il fut nomme ianus dont eſt nõe ianuarius

323 2993 1746 138 le mois de iãuier. au iiii.ͤ des antiquites des
