2481 3508
393 311 1782 115 beroſe car apres que hercules eut ſurmonte les tyrãs

395 411 1721 109 en eſpaigne il voulut aller en ytallye et print ſon

393 508 1826 107 chemin par les gaulles ou en paſſant par les gaulles

387 594 1717 109 vint veoir le roy deſſuſd̶ Celtes et dune ſienne

383 684 1854 113 fille nõmee galathea leur engendra ceſtuy galathes

389 779 1848 107 dont vint que les celtes furent premierement nõmes

387 865 1754 130 galles ou gallois. Et que ainſi ſoit apres beroſe

385 966 1754 111 diodore en son six.ͤ nous a laiſe par eſcript ce qui

383 1050 1692 111 enſuit. Le temps paſſe y euſt ung treſnoble

366 1136 1822 105 prince qui regnoit aux parties celtiques ou fran¬

381 1221 1731 98 coiſes lequel auoit vne fille exedente la cõmune

372 1305 1781 111 nature en grandeur et beaulte et elegance de corps

376 1393 1765 109 treſexcellante en vertu force et couraige. A ceſte

383 1479 1792 113 cauſe depriſoit tous les hommes qui la vouloyent

385 1566 1797 123 auoir pour femme et neſtimoit homme ſouffiſãt

387 1656 1817 117 ne digne de lauoir en mariage. Le temps pendãt

378 1746 1834 117 hercules a ſon retour deſpaigne ou long tep̃s auoit

378 1835 1808 117 eſte et ediffie la cite nõmee alexia apres la victoire

380 1923 1763 113 obtenue contre berion. Ceſte fille du roy galathea

378 2011 1756 109 voyant par admonition les grandes vertus de

376 2095 1808 116 hercules la beaulte et grandeur de ſon corps fut

378 2186 1783 105 de luy amoureuſe et de conſentement de pere et de

372 2270 1777 105 mere euſt la fruiction de ſon amour . Et de luy

380 2358 1783 115 conteupt vng filz nõme galathes lequel entre toꝰ

378 2447 1773 121 ceulx de ſon temps en vertuz et puiſſance de corps

378 2545 1814 103 eut le nom le bruit et la renommee par ſes gran¬

374 2627 1789 113 des vertuz et puiſſance luy venu en eage dhõme

378 2720 1800 109 et ſucceſſeur du royaume apres celtes pere de gala¬

374 2802 1857 127 thea sa mere par ſes geſtes et vertuz conquiſt pluẜ ͬ ᷤ

376 2901 1748 113 terres et ſeigneuries et augmenta ſon royaume

380 2983 1759 162 Et quant il ſe uit en gloire et puiſſance et eſtre
