2481 3508
2241 177 47 138 6

317 290 1707 123 bien obey de ſes ſubgetz il voulut et decreta que de

321 389 1752 133 ſon nom feuſt nomme tout ſon peuple Et furẽt

313 481 1770 129 ditz galathes et toute la region gallicanne euſt

317 580 1719 123 ce nom et tout le pays. Et ſont les parolles de

325 674 1713 121 diodore dont il appert que du temps de hercules

329 771 1699 117 ceſte region galicanne euſt ce nom qui depius

323 853 1838 127 par ſuſtraction de leurs a eſte dicte gallia en memoi¬

329 941 1701 121 re de ce Roy galathes filz de hercules. Auecques ce

327 1046 1760 107 que nous auons deſſus allegue comme ſolinus qui

331 1120 1732 115 eſt acteur comoſgraphe de grant eſtime lequel dit

335 1204 1769 121 que les galathes du pays daſie leſquelz eſcript ſainct

333 1294 1727 113 paol ad galathas ont eu leur origine des galles q̃

339 1373 1758 123 nous diſons francois. Hercules en ce meſmes teps̃

335 1465 1738 119 edifia en bourgongne vne cite nomme en langue

335 1551 1810 123 latine au Iour duy alſeta qui neſt pas loing dauthũ

333 1642 1766 123 Oultre plus recite diodore que les galathes a com¬

341 1728 1787 125 paignes de pluſieurs autres leurs vvoiſins vindret̃

341 1824 1765 113 en grece occuper le pays daſye ou fonderent et dõne¬

341 1906 1800 122 rent premierement le nom aux gallathes. ausquelz

341 2003 1748 119 ſainct paol a dirige et eſcript plusieurs epitres. Et

337 2089 1758 117 furent appellez ainſi que iosephe et ſolinus raconte

341 2176 1730 104 et tesmoignent ceulx qui firent la conqueſte des

343 2262 1759 115 grecz gallatoys sunt gallogreci. A ceste cauſe veult

346 2352 1733 111 inſerer que dautant que luſaige des lettres eſtoit

344 2440 1801 111 entre les galloẏs comme eſt deſſuſd̶ La raison eſt

344 2527 1782 115 euidente a ce que dyent ceulx de meonie qͥlz auoyẽt

346 2619 1729 113 premierement les lectres des francois. et que les

343 2705 1791 118 grecz les eurent deulx et non pas de cadmus quilz

343 2800 1756 115 dient auoir eſte celluẏ qui premier les apporta

344 2888 1815 117 des phenicrons aux grecz comme ilz ont faulcemt̃

335 2974 1816 146 de leur couſtume meſcongneu. Ad ce propos auſſi
