2481 3508
393 278 1774 125 ſert ce que manethon racompte que ala fin du regne

321 366 1869 129 de ilus Roy de troye galathes ſecond de ce nom ſur

374 471 1832 127 monta les ſamothes et tanydicques et fonda pluẜ ͬS

378 567 1830 120 villes es gallathes par quoy nous eſt euidente pro¬

383 660 1788 113 bation que la puiſſance des galles perſeuera et con¬

360 746 1807 117 tinua longuement en aſẏe. Et pour ceſte cause appa¬

391 839 1719 112 roiſt que les ars ſciences et lettres ont eu origine

381 925 1690 121 des francois ce que les grecz ſe ſont faulcement

387 1021 1793 105 atribues ce loz ce que iamais ne fut trouue en librai¬

387 1105 1780 111 rie ne ſuffisant acteur auſſi que leur reprouche ioze¬

360 1190 1777 111 phus en ſon liure contre la grammaire appion. Et

389 1276 1780 117 pour faire fin en ceſte matiere diodore dificille dit po ͬ

380 1360 1757 127 la verite que les rommains appellent les gallathes

378 1457 1777 119 ceulx que les autres nomment les celtes qui ſont les

358 1549 1766 115 francors. ainsi appart comie les francois quilz

344 1640 1831 110 furent premierement nõmez ſamothes de leur p̾mier

372 1726 1777 111 Roy muerent leur nom par pluſieurs foys. Car de

372 1814 1758 107 ſamothes apres furent appelles celtes de leur Roy

370 1898 1748 115 celthe. Apres furent appelles ou nõmes galathes

364 1991 1725 119 et leur regne augmente de gaulle belgicque par

354 2083 1727 109 vng nomine belgius. Et comme nous verrons

360 2169 1787 113 furent appelles galles belgicques les rommains le ͬ

358 2252 1756 112 ont touſiours donne ce nõ galli qui ſont galles

358 2334 1754 125 Et eſt celuy qui entre les hyſtoriens eſt plus vſite

342 2417 1767 123 finablement comme nous verrons a la fin de ce

348 2519 1772 119 liure furent appelles francois qui eſt le terme plꝰ

344 2611 1780 113 cõmun de pardeca en nr̃e langue vulgaire. Par

344 2699 1803 119 ainſi il appart que galathes filz de hercules donna

354 2798 1766 107 ce nom gaulles au pays et aux homines de france

329 2878 1793 119 Le quel galathes du temps de altades xii.ͤ  Roẏ

327 2958 571 167 de babilloyne.
