2481 3508
2214 108 73 128 7

387 280 1035 150 De harbon xi.ͤ Roẏ de celtes

298 452 1789 165 Harbon en muant .h. en .n. eſt narbon et de luẏ

296 551 1820 162 fuc dit le paẏs de narbonne il eſtoit filz de galathes

307 660 1764 146 de ceſte galle de narbonne par lepline en ſon iii ͤ

307 754 1815 134 liure de liſtoire naturelle. La prouince dit que de

317 841 1760 143 narbonne eſt vne partie des gaulles et eſt au de

317 931 1735 142 ſoubz de lamer deſpaigne et ſe nominoit galia

315 1030 1731 121 broceata diuiſee de itallie par la riuiere nommee

317 1101 1782 130 en latin varus il ya homme deſperit fertilite de t̾re

333 1192 1742 121 multitude de richeſſes par quoy ne ſcay prouince

327 1276 1740 138 digne deſtre preferee au pays dytalie ſinõ ceſte cy

364 1453 1099 127 De lugdus xii.ͤ Roy de celtes.

304 1625 1736 142 Lugdus eſt celluy dont la prouince prent ſon

331 1718 1734 129 nom comme recite beroſe et ainſi q̃ le nõ laccuſe

333 1800 1801 133 dit maiſtre iehan de viterbe cõmentate.ͬ dud̶ beroſe

339 1890 1777 140 ceſt celuy dont eſt nõme lugdiniũ qui eſt lyon en

339 1983 1820 129 la gaulle lugdunẽse ou lionnoiſe on appelle de ceſtuy

339 2071 1822 127 lugdus les hommes ludouici et nõ obstãt g. demeure

339 2159 1420 132 ludouici q̃ nous diſons en francoys loys

341 2340 1239 135 De belgius xiii.ͤ Roy de celtes.

319 2504 1768 150 Belgius comme dit beroſe est celuy dont eſt dicte

348 2605 1770 137 la gaulle belgieque qui commance depuẏs le paẏs

350 2697 1766 142 ou paſſe la riuiere de cene et marne du coſte de sep

352 2792 1766 135 tentrion iuſques au fleuue de rouen et vne partie

358 2890 1779 130 vers orient du coſte doccident finiſt a la mer octeane

360 2993 1041 164 qui eſt la mer de bretaigne.
