2481 3508
415 251 1783 160 Du Roy allobrox xiiii.ͤ Roy de celtes ou francois

411 426 1808 164 Allobrox ainſi que dit viterbrouce quaſi alle¬

411 561 1799 119 droys qui eſt adire meridionnale mixtion car

409 654 1810 121 drox ou daros eſt le uent de mydy que les hebrai¬

407 740 1779 127 ques dyent daros et hallo eſt adire mixtion a

405 834 1793 122 ce conſentent ſainct iheroſme et les talmudiſtes

403 931 1777 115 et de ces deux dictions vient allodarox ou allo¬

401 1019 1809 109 drox qui depuis a eſte dit allobrox qui eſt ĩter¬

381 1106 1846 112 prete cõmixtion ſont ditz les allobroges qui ont

389 1190 1854 111 pluẜ ͬ ᷤcites treſanciennes comme dyent ptholome

395 1276 1805 121 et autres coſmographes entre leſquelz est viẽne

399 1370 1803 113 geneue et auignon meridyonale il neſt adou¬

389 1444 907 131 ter q̃ de ce roy allobrox.

936 1552 523 105 Translateur

380 1703 1781 132 Icy finiſt beroſe qui a eſcript ceulx qͥ regnerent

391 1806 1803 133 en diu̾ſes parties de la terre apres le deluge iuſqs̃

391 1904 493 118 a ſon temps

380 2071 1791 107 Maneton cõmance ou beroſe afiny et ꝯtient

387 2165 1791 113 iuſques a ſon temps duquel regna francus dõt

389 2254 1641 115 ſont ditz les francois cõe len verra cy apres.

389 2420 1776 131 Du xv.ͤ Roy des celtes ou francois nõe Romus

385 2607 1751 121 Romus eſt celluy dit manethon dont ſont ditz

389 2699 1760 128 romandi ptholomee dit q̃ en sa gaulle belgicq̃

385 2796 1774 117 ya les romandiſſes ſur le fleuue de roſne au de

378 2886 1795 128 ſoubz de vienne romonũ et roma qui depuis a

378 2977 1321 164 eſte nõmee ꝑ interpretaᵒ.ᷠ ualence.
