2481 3508
2255 84 59 161 8

319 265 1639 142 Du xvi.ͤ Roy de celtes ou francois nõe paris

300 469 1726 141 Paris fut celluy dont eſt dicte la cite de paris

319 572 1715 127 qui par auant auoit nom lutocia qui de nr̃ẽ

313 654 1731 137 temps eſt treſſouueraine vniu̾se du mõde en

323 740 1820 144 la quelle fut docteur regent ſainct thomas daquĩ

333 834 1623 156 ptholomee en ſa geographie et aut̾s pluẜ.ͬ ᷤ

319 1001 1585 160 du xvii.ͤ Roy de celtes nõe le mãnus.

337 1167 1697 152 Le mãnus fut celuy dont sont ditz le main

333 1270 1647 144 dont eſt le lac que nous appellõs Luſanne

321 1414 1534 182 du xviii.ͤ Roy de frãce nomme olbius

329 1601 1807 158 Olbius dit manetõ Regna apres le Roy mãmus

333 1716 1734 145 et de luy neſt trouue choſe digne de memoire.

333 1849 1781 171 du xix.ͤ Roy de celtes ou frãcois nõe galathas

341 1989 758 131 ſecond de ce nom.

333 2141 1812 133 Gallatas deux.ͤ de ce nom fut celluy qui ſurmõ

339 2231 1800 142 ta les ſamothes en aſye et edifia pluſieurs villes

346 2326 1733 129 en france en lhonneur de ſon pere olbius et es

346 2414 1766 135 autres regions par luẏ ſubjuguees comme en

352 2502 1709 142 ſamothe aſie et Cilicie ainſi que ptholome et

348 2595 1673 149 autres geographes nõment pluſieurs cites

354 2703 1224 134 olbiances de ce nom olbius. ⁊c̃.
