2481 3508
393 304 1739 118 royaumes de toute la terre en general. Au cinquieſ.ͤ

383 403 1696 119 dun chaſcun royaume en particulier. A ceſte cauſe

378 506 1656 113 ſire dautant quil na point obmis a parler du

376 602 1695 111 royaume de france comme vous pourres ouẏr

374 699 1682 96 par lectre de ce pñt liure en pourſuiuant ce que

380 785 1734 101 ledit beroſe et depuis luy maintes en ont eſcript

380 869 1763 111 iuſques a francus dont ſont ditz les francoys ien

376 964 1859 117 ay fait vng extrait en adiouſtant ce q̃ tholomee

376 1054 1836 109 pline dydore Iosephe et autres pluſieurs ont eſcript

378 1140 1726 113 sur ceſte matiere ce que iay fait affin que plus

350 1223 1821 110 facillement par aide de teſmoins on adiouſte foẏ

374 1307 1849 115 a ce quilz en ont eſcript. Et ainſi que vr̃e treſilluſtre

370 1397 1723 113 et diuin eſcript eſt touſiours doulz et begnin a

372 1483 1773 115 receuoir le labeur tant ſoit de petite extime de voz

364 1561 1750 124 treshumbles ſubgectz et moindres ſeruiteurs. Il

368 1658 1771 119 vous plaira ſire auoir leuure aggreable. Car ie

374 1746 1795 121 ne lay fait ſinõ affin que vr̃e treſdiuin ẽtendem̃t

358 1830 1807 107 y preigne quelque foy recreation comme bien voꝰ

366 1921 1799 119 en ſuyuez en lectures de geſtes enciens des treſmana¬

370 2011 1766 109 nimes empereurs roys et princes qui deuant vous

366 2098 1826 106 ont regne. Et neuſſe voulu mettre la main aleuure

370 2190 1725 107 ſinõ que euidentement par diuers acteurs dignes

368 2268 1707 107 de foẏ iaẏ congneu la choſe qui dedans eſt recitee

370 2354 1805 119 eſtre veritable. Et croy que apres moyſe qui a eſcript

372 2440 1765 114 les premiers liures de noſtre ſaincte eſcripture nya

366 2533 1746 115 eu hyſtoriagraphe qui ſoit plus approuche de la

358 2623 1785 117 verite et auſſi que peu de gens qui ont veu la cro

366 2716 1719 107 nnique auecques lexpoſiteur dicelle a grant peine

366 2810 1787 103 vouldroyent dire au contraire. Et a tant feray fin

364 2897 1791 129 au prologue pour venir a la proſecution de leuure
