2481 3508
2264 20 56 225 2

479 298 1458 122 Du temps depuis adam iuſques a noe

348 457 1825 156 Ante aquarum cladem famoſam qua vniu̾ſus

366 588 1768 119 periit orbis multa preterierunt ſecula que a noĩs

368 670 1803 130 caldeis fideliter fuerunt ſeruata. Or dit doncq̃s

364 762 1748 126 beroſe que deuant le deluge eſtoyent pluſieurs

360 859 1719 125 ans paſſes lesquelz ont fidelement obſeruez et

350 947 1793 126 redige par eſcript les hyſtoriographes caldaicq̃s

360 1038 1713 113 Car ainſi que recite filo en son breuiaire du

352 1116 1856 129 temps depuis adam iuſques au deluge ſont cõptez

364 1206 1733 119 M vi.ͨ lṽi ans. En la premiere ſepmaine du

348 1299 1825 113 premier an comme eſcript moyſe au p̾mier chap¬

352 1381 1805 119 pitre de geneſe fut cree adam qui engendra pluẜ ͬ ᷤ

348 1469 1770 111 enfans entre les autres au C et xxx.ͤ an de ſon

346 1553 1780 126 eage engendra vng nomme ſeth dont deſcendit

346 1644 1727 125 noe duquel ſont descendus tous les hommes

348 1732 1741 125 de pñt comme ſenſuit. Adam. Seth Enos

335 1818 1810 134 Caynam. Malaleel. Iareth. E noe. Mathusalẽ

337 1902 676 113 Lameth. Noe.

339 1987 1717 147 Depuis adam ſont deſcendus les deſſusditz

354 2085 550 109 de pere en filz.

325 2163 1805 130 Noe en la creation du monde M v.ͨ  lviii ans

337 2252 1802 131 qui fut deuant le deluge iiii ͯ ͯ xviii ans engẽ

339 2336 1777 142 dra de ſa femme nõmee tydea. Sem Iaphet.

329 2436 1779 126 et cam. et trois filles nõmees pendora noella

343 2521 1742 137 noegla qui ſont huit ꝑſongnages eſquelz fut

327 2609 1775 136 le genre humain conſerue de la lignee de iaphet

330 2704 1442 128 ſecond chappitre. Tranſlateur

304 2825 1855 193 Ie laiſſe a parler des enfans leſquelz noe ẽgendra

329 2972 1816 167 apres le deluge ſemblablement auſſi des lignees
