<?xml version="1.0" encoding="UTF-8"?>
<alto xmlns:xsi="http://www.w3.org/2001/XMLSchema-instance"
      xmlns="http://www.loc.gov/standards/alto/ns-v4#"
      xsi:schemaLocation="http://www.loc.gov/standards/alto/ns-v4# http://www.loc.gov/standards/alto/v4/alto-4-2.xsd">
  <Description>
    <MeasurementUnit>pixel</MeasurementUnit>
    <sourceImageInformation>
      <fileName>pages_0004.png</fileName>
      <fileIdentifier>pdf//Paris_Bibliothèque_Arsenal_Ms._5219_1r_8r.pdf</fileIdentifier>
    </sourceImageInformation>
  </Description>
  <Tags>
    <OtherTag ID="BT7" LABEL="CustomZone" DESCRIPTION="block type CustomZone"/><OtherTag ID="BT8" LABEL="DamageZone" DESCRIPTION="block type DamageZone"/><OtherTag ID="BT9" LABEL="DigitizationArtefactZone" DESCRIPTION="block type DigitizationArtefactZone"/><OtherTag ID="BT10" LABEL="DropCapitalZone" DESCRIPTION="block type DropCapitalZone"/><OtherTag ID="BT11" LABEL="GraphicZone" DESCRIPTION="block type GraphicZone"/><OtherTag ID="BT12" LABEL="MainZone" DESCRIPTION="block type MainZone"/><OtherTag ID="BT13" LABEL="MarginTextZone" DESCRIPTION="block type MarginTextZone"/><OtherTag ID="BT14" LABEL="MusicZone" DESCRIPTION="block type MusicZone"/><OtherTag ID="BT15" LABEL="NumberingZone" DESCRIPTION="block type NumberingZone"/><OtherTag ID="BT17" LABEL="QuireMarksZone" DESCRIPTION="block type QuireMarksZone"/><OtherTag ID="BT18" LABEL="RunningTitleZone" DESCRIPTION="block type RunningTitleZone"/><OtherTag ID="BT19" LABEL="SealZone" DESCRIPTION="block type SealZone"/><OtherTag ID="BT20" LABEL="StampZone" DESCRIPTION="block type StampZone"/><OtherTag ID="BT21" LABEL="TableZone" DESCRIPTION="block type TableZone"/><OtherTag ID="BT22" LABEL="TitlePageZone" DESCRIPTION="block type TitlePageZone"/><OtherTag ID="BT2727" LABEL="text" DESCRIPTION="block type text"/><OtherTag ID="BT2728" LABEL="MarginTextZone-ManuscriptAddendum" DESCRIPTION="block type MarginTextZone-ManuscriptAddendum"/><OtherTag ID="BT2729" LABEL="MarginTextZone-Notes" DESCRIPTION="block type MarginTextZone-Notes"/><OtherTag ID="BT2730" LABEL="MainZone-Head" DESCRIPTION="block type MainZone-Head"/><OtherTag ID="BT2731" LABEL="MainZone-ListItem" DESCRIPTION="block type MainZone-ListItem"/><OtherTag ID="BT2732" LABEL="MainZone-P" DESCRIPTION="block type MainZone-P"/><OtherTag ID="BT2733" LABEL="MainZone-Sp" DESCRIPTION="block type MainZone-Sp"/><OtherTag ID="BT2734" LABEL="MarginTextZone" DESCRIPTION="block type MarginTextZone"/><OtherTag ID="BT2735" LABEL="MainZone-Continued" DESCRIPTION="block type MainZone-Continued"/><OtherTag ID="BT2736" LABEL="TableZone" DESCRIPTION="block type TableZone"/><OtherTag ID="BT2737" LABEL="MainZone-Signature" DESCRIPTION="block type MainZone-Signature"/>
    <OtherTag ID="LT7" LABEL="CustomLine" DESCRIPTION="line type CustomLine"/><OtherTag ID="LT8" LABEL="DefaultLine" DESCRIPTION="line type DefaultLine"/><OtherTag ID="LT9" LABEL="DropCapitalLine" DESCRIPTION="line type DropCapitalLine"/><OtherTag ID="LT10" LABEL="HeadingLine" DESCRIPTION="line type HeadingLine"/><OtherTag ID="LT11" LABEL="InterlinearLine" DESCRIPTION="line type InterlinearLine"/><OtherTag ID="LT12" LABEL="MusicLine" DESCRIPTION="line type MusicLine"/><OtherTag ID="LT798" LABEL="default" DESCRIPTION="line type default"/>
  </Tags>
  <Layout>
    <Page WIDTH="2481"
          HEIGHT="3508"
          PHYSICAL_IMG_NR="3"
          ID="eSc_dummypage_">
      <PrintSpace HPOS="0"
                  VPOS="0"
                  WIDTH="2481"
                  HEIGHT="3508">
        <TextBlock HPOS="313"
                   VPOS="277"
                   WIDTH="1889"
                   HEIGHT="416"
                   ID="eSc_textblock_f8fb9b60"
                   TAGREFS="BT2735">
          <Shape><Polygon POINTS="313 277 313 693 2202 693 2202 277"/></Shape>
          <TextLine ID="eSc_line_dd6e2dfe"
                    TAGREFS="LT8"
                    BASELINE="339 380 2069 389" 
                    HPOS="337"
                    VPOS="311"
                    WIDTH="1732"
                    HEIGHT="119">
            <Shape><Polygon POINTS="2054 323 2046 319 1202 315 1196 315 1194 313 914 313 904 313 884 313 865 313 845 313 826 313 806 313 787 313 767 313 756 311 625 311 611 311 592 311 572 311 553 311 534 311 514 311 495 311 475 311 456 311 436 311 417 311 397 311 378 311 358 311 339 313 339 380 337 407 438 422 847 424 849 424 851 424 878 415 884 413 1030 413 1054 417 1093 424 1095 424 1190 419 1253 415 1262 419 1276 426 1278 426 1280 426 1414 420 1535 417 1594 422 1639 428 1859 430 1861 430 1863 430 1865 430 1869 426 1882 419 2065 428 2069 389 2067 329 2054 323"/></Shape>
            <String CONTENT="de ſem et cam et deduire la lignee de iaphet ſecond"
                    HPOS="337"
                    VPOS="311"
                    WIDTH="1732"
                    HEIGHT="119"
                    ></String>
          </TextLine>
          <TextLine ID="eSc_line_1414b5f9"
                    TAGREFS="LT8"
                    BASELINE="337 483 2136 483" 
                    HPOS="337"
                    VPOS="411"
                    WIDTH="1799"
                    HEIGHT="115">
            <Shape><Polygon POINTS="337 483 337 526 426 526 426 524 428 524 456 510 830 524 873 524 875 524 877 524 880 524 917 512 1064 522 1093 524 1095 524 1108 522 1155 514 1177 522 1183 524 1184 524 1186 526 1387 526 1387 524 1389 524 1397 522 1418 514 1436 522 1442 524 1444 524 1446 524 2136 518 2136 483 2136 430 2026 417 2024 417 2022 417 2001 428 1900 428 1832 428 1824 428 1726 417 1724 417 1722 417 1720 417 1705 428 1703 428 1695 428 1619 419 1617 419 1545 426 1531 428 1527 426 1510 419 1508 419 1506 419 1409 426 1381 428 1372 426 1321 413 1319 413 1317 413 1315 413 1270 426 1260 428 1235 426 1095 411 1093 411 504 420 354 411 352 411 350 411 348 411 337 419 337 483"/></Shape>
            <String CONTENT="filz de noe car ceſt deluy que viendront les p̾miers"
                    HPOS="337"
                    VPOS="411"
                    WIDTH="1799"
                    HEIGHT="115"
                    ></String>
          </TextLine>
          <TextLine ID="eSc_line_bec05632"
                    TAGREFS="LT8"
                    BASELINE="341 576 2147 576" 
                    HPOS="341"
                    VPOS="504"
                    WIDTH="1806"
                    HEIGHT="119">
            <Shape><Polygon POINTS="341 576 341 613 360 623 362 623 364 623 463 613 481 611 689 611 699 613 726 623 728 623 730 623 875 615 921 613 939 615 982 623 984 623 986 623 1003 615 1017 611 1052 617 1099 623 1101 623 1259 617 1451 611 1471 619 1481 623 1483 623 1485 623 1537 619 1654 611 1734 621 1754 623 1755 623 1767 621 1806 613 2145 623 2147 576 2147 508 2104 504 2102 504 2100 504 2093 508 2069 520 1948 508 1917 506 1915 506 1896 508 1835 520 1806 510 1793 504 1791 504 1789 504 1787 504 1775 510 1755 520 1650 510 1637 510 1635 510 1633 510 1631 510 1613 522 1465 522 1450 512 1438 506 1436 506 1434 506 1383 512 1350 516 1319 512 1243 504 1241 504 1239 504 1237 504 1223 514 1212 520 1188 514 1169 508 1167 508 1165 508 1091 514 1023 520 1013 514 997 504 995 504 993 504 992 504 812 516 802 516 797 516 695 504 693 504 481 514 440 504 438 504 436 504 434 504 432 504 413 520 411 520 409 520 378 506 376 506 374 506 372 506 341 518 341 576"/></Shape>
            <String CONTENT="qui habiterent le pays de france comme ſera eſcript"
                    HPOS="341"
                    VPOS="504"
                    WIDTH="1806"
                    HEIGHT="119"
                    ></String>
          </TextLine>
          <TextLine ID="eSc_line_73a20ad5"
                    TAGREFS="LT8"
                    BASELINE="339 670 691 666" 
                    HPOS="337"
                    VPOS="602"
                    WIDTH="354"
                    HEIGHT="119">
            <Shape><Polygon POINTS="339 670 341 701 370 693 378 701 383 705 383 707 385 707 387 707 389 707 419 701 461 719 463 719 465 721 514 721 514 719 516 719 541 705 606 709 608 709 610 709 611 709 635 691 635 689 691 687 691 666 687 615 535 602 534 602 532 602 504 611 479 604 477 604 475 604 473 604 471 604 454 617 424 604 422 604 420 604 337 617 339 670"/></Shape>
            <String CONTENT="cy apres."
                    HPOS="337"
                    VPOS="602"
                    WIDTH="354"
                    HEIGHT="119"
                    WC="0.9997328652275933"></String>
          </TextLine>
        </TextBlock>
        <TextBlock HPOS="318"
                   VPOS="710"
                   WIDTH="1888"
                   HEIGHT="391"
                   ID="eSc_textblock_7fc7dd65"
                   TAGREFS="BT2732">
          <Shape><Polygon POINTS="318 710 318 1101 2206 1101 2206 710"/></Shape>
          <TextLine ID="eSc_line_39d65dd5"
                    TAGREFS="LT8"
                    BASELINE="588 767 2034 760" 
                    HPOS="586"
                    VPOS="686"
                    WIDTH="1448"
                    HEIGHT="126">
            <Shape><Polygon POINTS="588 795 684 795 686 795 707 810 709 810 711 810 713 812 713 810 715 810 717 810 738 795 744 795 822 804 824 804 933 795 951 793 954 793 995 808 997 808 999 808 1001 808 1036 793 1038 793 1048 793 1151 804 1153 804 1216 795 1233 808 1235 808 1237 808 1239 810 1307 810 1307 808 1309 808 1311 808 1331 795 1366 806 1368 806 1370 806 1372 806 1405 795 1650 806 1652 806 1654 806 1656 806 1668 797 1754 804 1755 804 1832 795 1863 804 1865 804 1867 804 2032 787 2034 760 2028 695 1857 695 1853 695 1839 686 1837 686 1835 686 1833 686 1832 686 1796 695 1793 695 1789 695 1736 686 1734 686 1681 695 1670 697 1662 695 1641 687 1639 687 1637 687 1635 687 1619 695 1613 699 1348 699 1342 695 1313 687 1311 687 1309 687 1231 697 1202 699 1165 697 1073 689 1071 689 982 697 929 701 877 697 799 691 797 691 586 697 588 767"/></Shape>
            <String CONTENT="Iaphet eut huit enfans qui ſenſuiuent"
                    HPOS="586"
                    VPOS="686"
                    WIDTH="1448"
                    HEIGHT="126"
                    ></String>
          </TextLine>
          <TextLine ID="eSc_line_ea40fc95"
                    TAGREFS="LT8"
                    BASELINE="335 851 2130 857" 
                    HPOS="333"
                    VPOS="775"
                    WIDTH="1797"
                    HEIGHT="121">
            <Shape><Polygon POINTS="1950 781 1948 781 1865 800 1824 781 1822 781 1820 781 1818 781 1744 800 1715 789 1713 789 1711 789 1709 789 1707 789 1687 802 1623 802 1598 789 1596 789 1594 789 1592 789 1563 800 1253 800 1225 781 1223 781 1221 781 1220 781 1128 799 1054 785 1052 785 992 797 933 777 931 777 929 777 723 797 606 783 604 783 602 783 571 795 524 785 522 785 452 795 415 777 413 777 335 775 335 851 333 875 370 892 372 892 374 892 495 882 534 892 535 892 537 894 765 894 765 892 767 892 806 882 820 892 822 892 824 892 1058 894 1060 894 1177 882 1206 880 1294 880 1301 884 1323 894 1325 894 1327 894 1329 894 1358 884 1360 884 1483 884 1490 886 1529 896 1531 896 1533 896 1535 896 1566 886 1568 886 1602 886 1878 894 1880 894 1882 894 1894 888 1909 882 2126 890 2130 857 2124 791 2114 781"/></Shape>
            <String CONTENT="Comerus gallus medus magogus. ſamothes"
                    HPOS="333"
                    VPOS="775"
                    WIDTH="1797"
                    HEIGHT="121"
                    ></String>
          </TextLine>
          <TextLine ID="eSc_line_6e370801"
                    TAGREFS="LT8"
                    BASELINE="341 941 2106 947" 
                    HPOS="339"
                    VPOS="873"
                    WIDTH="1767"
                    HEIGHT="115">
            <Shape><Polygon POINTS="339 970 438 984 440 984 908 974 953 986 954 986 956 986 1060 976 1163 986 1165 986 1325 976 1420 986 1422 986 1424 986 1451 976 1566 988 1568 988 2104 976 2106 947 2104 886 1670 877 1668 877 1666 877 1641 884 1633 886 1617 884 1555 877 1553 877 1551 877 1529 884 1526 886 1520 884 1494 875 1492 875 1364 875 1362 875 1360 875 1358 875 1342 884 1338 886 1336 884 1319 877 1317 877 1315 877 1313 877 1311 877 1299 884 1296 888 1163 888 1144 884 1075 875 1073 875 1071 875 1050 884 1044 888 931 888 762 886 758 884 740 873 738 873 736 873 734 873 645 884 631 884 341 884 341 941"/></Shape>
            <String CONTENT="autrement nomme dys Tubal et Iubal moſeus"
                    HPOS="339"
                    VPOS="873"
                    WIDTH="1767"
                    HEIGHT="115"
                    ></String>
          </TextLine>
          <TextLine ID="eSc_line_d6c1be1d"
                    TAGREFS="LT8"
                    BASELINE="341 1036 789 1032" 
                    HPOS="339"
                    VPOS="956"
                    WIDTH="450"
                    HEIGHT="106">
            <Shape><Polygon POINTS="341 1060 787 1062 789 1032 785 986 670 980 670 978 647 958 647 956 645 956 643 956 598 956 596 956 594 956 592 956 569 972 557 982 481 982 432 964 415 958 413 958 411 958 339 958 341 1036"/></Shape>
            <String CONTENT="Tiras Ion."
                    HPOS="339"
                    VPOS="956"
                    WIDTH="450"
                    HEIGHT="106"
                    ></String>
          </TextLine>
        </TextBlock>
        <TextBlock HPOS="322"
                   VPOS="1114"
                   WIDTH="1893"
                   HEIGHT="2082"
                   ID="eSc_textblock_b7b29740"
                   TAGREFS="BT2732">
          <Shape><Polygon POINTS="322 1114 322 3196 2215 3196 2215 1114"/></Shape>
          <TextLine ID="eSc_line_1cd53c33"
                    TAGREFS="LT8"
                    BASELINE="329 1198 2122 1198" 
                    HPOS="329"
                    VPOS="1114"
                    WIDTH="1793"
                    HEIGHT="125">
            <Shape><Polygon POINTS="329 1198 329 1225 465 1225 467 1225 487 1237 489 1237 491 1237 493 1237 578 1225 582 1225 590 1225 783 1237 785 1239 886 1239 886 1237 888 1237 890 1237 908 1225 912 1225 960 1237 962 1237 1056 1225 1068 1225 1075 1225 1130 1237 1132 1237 1134 1237 1167 1225 1171 1225 1183 1225 1266 1237 1268 1237 2120 1227 2122 1198 2118 1142 1995 1145 1978 1138 1962 1132 1960 1132 1958 1132 1956 1132 1954 1132 1945 1138 1931 1147 1796 1147 1777 1136 1738 1114 1736 1114 1734 1114 1732 1114 1687 1134 1662 1145 1625 1134 1615 1130 1613 1130 1611 1130 1609 1130 1600 1132 1574 1142 1555 1132 1533 1122 1531 1122 1529 1122 1527 1122 1508 1132 1479 1145 1385 1130 1383 1130 1381 1130 1379 1130 1329 1145 1299 1128 1297 1128 1296 1128 1200 1114 1198 1114 1196 1114 1194 1114 1175 1126 1149 1142 1103 1145 1019 1145 970 1126 968 1126 966 1126 917 1136 820 1124 818 1124 816 1124 762 1147 711 1147 631 1118 619 1114 617 1114 329 1114 329 1198"/></Shape>
            <String CONTENT="Des huit enfans de iaphet ie veulx ſeullement en"
                    HPOS="329"
                    VPOS="1114"
                    WIDTH="1793"
                    HEIGHT="125"
                    ></String>
          </TextLine>
          <TextLine ID="eSc_line_ee9d9344"
                    TAGREFS="LT8"
                    BASELINE="341 1286 666 1278 2145 1282" 
                    HPOS="339"
                    VPOS="1212"
                    WIDTH="1806"
                    HEIGHT="111">
            <Shape><Polygon POINTS="341 1286 339 1305 697 1307 699 1309 713 1319 715 1319 717 1319 719 1319 721 1319 742 1309 746 1309 910 1309 917 1311 951 1323 953 1323 954 1323 1011 1311 1027 1309 1042 1313 1087 1323 1089 1323 1177 1313 1204 1311 1227 1313 1284 1323 1286 1323 1344 1315 1375 1311 1412 1315 1455 1321 1457 1321 1492 1317 1527 1311 1537 1317 1547 1323 1549 1323 1551 1323 1553 1323 1627 1317 1691 1313 2141 1321 2145 1282 2141 1214 2036 1231 1960 1231 1911 1214 1909 1214 1908 1214 1902 1214 1607 1229 1553 1214 1551 1214 1549 1214 1547 1214 1500 1227 1356 1220 1354 1220 1249 1231 1118 1231 1089 1214 1087 1214 1085 1214 1083 1214 1081 1214 1079 1214 1025 1229 953 1214 947 1214 945 1214 935 1214 820 1229 734 1214 715 1212 713 1212 662 1214 467 1227 341 1216 341 1286"/></Shape>
            <String CONTENT="ſuiure la lignee du iiii.ͤ nomme Samothes duquel"
                    HPOS="339"
                    VPOS="1212"
                    WIDTH="1806"
                    HEIGHT="111"
                    ></String>
          </TextLine>
          <TextLine ID="eSc_line_f556915b"
                    TAGREFS="LT8"
                    BASELINE="344 1366 2110 1372" 
                    HPOS="343"
                    VPOS="1301"
                    WIDTH="1767"
                    HEIGHT="106">
            <Shape><Polygon POINTS="344 1366 343 1391 413 1405 415 1405 804 1395 863 1395 917 1395 921 1397 937 1407 939 1407 941 1407 943 1407 2108 1405 2110 1372 2106 1319 1796 1319 1781 1317 1713 1305 1711 1305 1600 1317 1568 1319 1559 1317 1522 1303 1520 1303 1518 1303 1516 1303 1467 1315 1459 1317 1288 1317 1286 1315 1255 1303 1253 1303 1194 1303 1192 1303 1190 1303 1169 1315 1165 1317 1149 1315 1079 1303 997 1303 995 1303 993 1303 974 1315 968 1317 960 1315 933 1303 931 1303 929 1303 927 1303 906 1313 902 1317 752 1317 744 1313 707 1301 705 1301 703 1301 344 1311 344 1366"/></Shape>
            <String CONTENT="beroſe en ſon cinquieſme liure parle en telle maniere"
                    HPOS="343"
                    VPOS="1301"
                    WIDTH="1767"
                    HEIGHT="106"
                    ></String>
          </TextLine>
          <TextLine ID="eSc_line_bc564a18"
                    TAGREFS="LT8"
                    BASELINE="344 1461 2065 1457" 
                    HPOS="343"
                    VPOS="1389"
                    WIDTH="1722"
                    HEIGHT="107">
            <Shape><Polygon POINTS="344 1461 344 1485 417 1485 420 1487 434 1496 436 1496 438 1496 440 1496 493 1487 502 1485 508 1487 532 1496 534 1496 535 1496 580 1487 590 1485 602 1487 633 1494 635 1494 637 1494 639 1494 660 1487 670 1485 742 1487 935 1496 937 1496 1005 1488 1027 1487 1044 1488 1087 1496 1089 1496 1122 1488 1142 1485 1159 1488 1183 1496 1184 1496 1186 1496 1307 1490 1411 1485 1457 1490 1488 1494 1490 1494 1510 1490 1541 1485 1559 1490 1566 1494 1568 1494 1570 1494 2063 1492 2065 1457 2056 1393 2044 1403 2019 1393 2009 1391 2007 1391 2005 1391 1898 1395 1781 1399 1771 1395 1752 1389 1750 1389 1748 1389 1746 1389 1732 1397 1718 1405 1570 1405 1559 1397 1551 1391 1549 1391 1547 1391 1545 1391 1543 1391 1518 1397 1496 1403 1473 1399 1432 1389 1430 1389 1428 1389 1411 1399 1401 1405 1346 1405 1333 1399 1301 1389 1299 1389 1297 1389 1296 1389 1270 1399 1266 1401 1253 1399 1204 1393 1202 1393 1200 1393 1179 1401 1169 1403 1161 1401 1132 1391 1130 1391 988 1391 986 1391 925 1403 910 1405 906 1403 890 1391 888 1391 886 1391 801 1391 799 1391 674 1405 662 1405 658 1405 641 1391 639 1391 637 1391 635 1391 633 1391 584 1405 580 1407 438 1407 424 1407 378 1391 376 1391 374 1391 372 1391 343 1403 344 1461"/></Shape>
            <String CONTENT="Samothes en lan Cent quarente apres le deluge"
                    HPOS="343"
                    VPOS="1389"
                    WIDTH="1722"
                    HEIGHT="107"
                    WC="0.987525471051534"></String>
          </TextLine>
          <TextLine ID="eSc_line_107eea47"
                    TAGREFS="LT8"
                    BASELINE="346 1553 799 1543 2130 1543" 
                    HPOS="344"
                    VPOS="1475"
                    WIDTH="1786"
                    HEIGHT="117">
            <Shape><Polygon POINTS="346 1553 348 1592 378 1576 500 1586 502 1586 611 1576 635 1588 637 1588 639 1588 641 1588 689 1576 836 1576 857 1588 857 1590 859 1590 861 1590 863 1592 921 1592 921 1590 923 1590 925 1590 927 1588 945 1576 995 1588 1007 1590 1009 1592 1124 1592 1124 1590 1126 1590 1138 1588 1183 1576 1247 1586 1262 1588 1264 1588 1284 1586 1375 1574 1397 1586 1403 1588 1405 1588 1407 1588 1442 1586 1555 1574 1707 1574 1724 1584 1736 1588 1738 1588 1740 1588 1793 1584 1863 1576 1906 1582 1943 1588 1945 1588 2128 1580 2130 1543 2128 1490 2001 1481 1999 1481 1997 1481 1976 1488 1970 1492 1783 1492 1775 1487 1750 1475 1748 1475 1746 1475 1744 1475 1713 1487 1701 1490 1678 1487 1635 1479 1633 1479 1596 1487 1572 1490 1557 1487 1527 1475 1526 1475 1524 1475 1522 1475 1520 1475 1504 1485 1496 1490 1471 1485 1420 1475 1418 1475 1416 1475 1381 1485 1368 1488 1362 1485 1350 1477 1348 1477 1346 1477 1344 1477 1342 1477 1315 1485 1305 1487 1296 1485 1270 1475 1268 1475 1266 1475 1264 1475 1239 1485 1214 1492 1153 1483 1108 1477 1106 1477 1105 1477 1103 1477 1095 1483 1079 1492 1042 1483 1021 1477 1019 1477 1017 1477 982 1483 927 1490 686 1483 684 1483 625 1492 574 1479 565 1477 563 1477 561 1477 344 1477 346 1553"/></Shape>
            <String CONTENT="fut le premier qui fonda et edifia les villes au pays"
                    HPOS="344"
                    VPOS="1475"
                    WIDTH="1786"
                    HEIGHT="117"
                    ></String>
          </TextLine>
          <TextLine ID="eSc_line_454d3df7"
                    TAGREFS="LT8"
                    BASELINE="348 1642 2151 1635" 
                    HPOS="346"
                    VPOS="1564"
                    WIDTH="1805"
                    HEIGHT="117">
            <Shape><Polygon POINTS="348 1642 348 1670 417 1681 419 1681 493 1672 496 1672 502 1672 678 1681 680 1681 760 1672 801 1668 849 1672 925 1679 927 1679 929 1679 949 1672 962 1668 992 1674 1030 1679 1032 1679 1034 1679 1058 1674 1077 1668 1424 1674 1629 1677 1631 1677 1633 1677 1635 1677 1639 1676 1654 1666 1752 1676 1763 1676 1765 1676 1771 1676 1839 1664 2147 1676 2151 1635 2147 1582 1939 1582 1882 1566 1880 1566 1878 1566 1876 1566 1835 1580 1789 1564 1787 1564 1785 1564 1783 1564 1746 1580 1705 1564 1703 1564 1701 1564 1699 1564 1666 1582 1650 1582 1568 1584 1440 1584 1436 1582 1393 1566 1391 1566 1389 1566 1255 1582 1227 1584 1032 1584 1030 1582 999 1568 997 1568 935 1568 933 1568 931 1568 904 1582 900 1584 890 1582 855 1574 853 1574 851 1574 849 1574 839 1582 834 1584 810 1582 752 1576 750 1576 748 1576 728 1582 713 1586 689 1582 625 1570 623 1570 461 1582 454 1582 448 1582 364 1570 362 1570 360 1570 358 1570 346 1576 348 1642"/></Shape>
            <String CONTENT="lequel depuis a eſte nomme france cõe ya dit cy apres"
                    HPOS="346"
                    VPOS="1564"
                    WIDTH="1805"
                    HEIGHT="117"
                    ></String>
          </TextLine>
          <TextLine ID="eSc_line_7e8717fa"
                    TAGREFS="LT8"
                    BASELINE="344 1730 2089 1720" 
                    HPOS="343"
                    VPOS="1656"
                    WIDTH="1746"
                    HEIGHT="111">
            <Shape><Polygon POINTS="344 1730 344 1767 407 1757 500 1767 502 1767 693 1755 740 1765 742 1765 1064 1754 1358 1763 1360 1763 1451 1752 2085 1759 2089 1720 2085 1670 1906 1658 1904 1658 1847 1668 1820 1656 1818 1656 1816 1656 1744 1668 1730 1670 1717 1668 1664 1658 1662 1658 1617 1668 1603 1670 1531 1668 1381 1662 1379 1662 1377 1662 1375 1662 1370 1668 1362 1672 1348 1668 1327 1660 1325 1660 1323 1660 1321 1660 1303 1668 1296 1670 1212 1668 1042 1660 1040 1660 1038 1660 1021 1666 1005 1672 978 1666 953 1662 951 1662 929 1666 892 1674 820 1666 810 1666 808 1666 799 1666 689 1676 654 1666 648 1664 647 1664 645 1664 633 1666 586 1676 537 1666 528 1664 526 1664 514 1666 454 1676 343 1666 344 1730"/></Shape>
            <String CONTENT="De ſon temps ne fut trouue homine plus ſaige et"
                    HPOS="343"
                    VPOS="1656"
                    WIDTH="1746"
                    HEIGHT="111"
                    ></String>
          </TextLine>
          <TextLine ID="eSc_line_13cef089"
                    TAGREFS="LT8"
                    BASELINE="354 1818 2173 1802" 
                    HPOS="352"
                    VPOS="1736"
                    WIDTH="1821"
                    HEIGHT="125">
            <Shape><Polygon POINTS="354 1818 354 1861 582 1845 754 1855 793 1857 795 1857 797 1857 802 1855 826 1843 929 1853 966 1855 968 1855 970 1855 972 1855 976 1851 990 1843 1019 1851 1021 1851 1023 1851 1025 1851 1034 1851 1108 1841 1122 1849 1128 1853 1130 1853 1132 1853 1134 1853 1157 1849 1192 1841 1218 1847 1237 1853 1239 1853 1241 1853 1243 1853 1259 1847 1280 1839 1473 1843 1715 1849 1717 1849 1880 1839 2118 1845 2120 1845 2122 1845 2173 1831 2173 1802 2169 1752 2083 1752 2054 1736 2052 1736 2050 1736 1941 1752 1644 1740 1642 1740 1641 1740 1613 1754 1278 1746 1276 1746 1274 1746 1231 1757 1050 1744 1048 1744 1046 1744 1044 1744 1027 1757 824 1748 822 1748 820 1748 818 1748 801 1761 721 1748 580 1748 578 1748 500 1761 475 1750 473 1750 397 1750 395 1750 393 1750 352 1765 354 1818"/></Shape>
            <String CONTENT="delur ceulx qui depuis furent nõmez francoys eſtoiẽt"
                    HPOS="352"
                    VPOS="1736"
                    WIDTH="1821"
                    HEIGHT="125"
                    ></String>
          </TextLine>
          <TextLine ID="eSc_line_c6eccc37"
                    TAGREFS="LT8"
                    BASELINE="350 1909 984 1900 2206 1902" 
                    HPOS="348"
                    VPOS="1828"
                    WIDTH="1858"
                    HEIGHT="116">
            <Shape><Polygon POINTS="350 1909 350 1944 537 1935 569 1944 571 1944 572 1944 574 1944 654 1935 699 1944 701 1944 703 1944 705 1944 752 1935 1270 1935 1307 1944 1309 1944 1311 1944 1313 1944 1315 1944 1317 1944 1358 1933 1434 1943 1436 1943 1771 1933 1833 1943 1835 1944 2030 1944 2030 1943 2032 1943 2034 1943 2050 1933 2204 1943 2206 1902 2204 1841 2169 1828 2167 1828 2165 1828 2081 1841 2046 1828 2044 1828 2042 1828 2040 1828 2009 1841 1989 1828 1987 1828 1985 1828 1849 1828 1847 1828 1845 1828 1843 1828 1820 1843 1520 1843 1479 1830 1477 1830 1475 1830 1422 1841 1393 1828 1391 1828 1323 1828 1321 1828 1229 1843 1200 1830 1198 1830 1196 1830 1194 1830 1138 1843 988 1830 986 1830 984 1830 937 1843 843 1830 841 1830 839 1830 838 1830 814 1845 693 1845 652 1830 650 1830 648 1830 647 1830 606 1841 514 1830 512 1830 348 1845 350 1909"/></Shape>
            <String CONTENT="appeles ſamothes. Les theologiens et grans philoſophes"
                    HPOS="348"
                    VPOS="1828"
                    WIDTH="1858"
                    HEIGHT="116"
                    ></String>
          </TextLine>
          <TextLine ID="eSc_line_a170f643"
                    TAGREFS="LT8"
                    BASELINE="352 1995 2139 1987" 
                    HPOS="350"
                    VPOS="1921"
                    WIDTH="1789"
                    HEIGHT="111">
            <Shape><Polygon POINTS="352 1995 352 2020 572 2020 576 2020 635 2032 637 2032 639 2032 664 2020 771 2020 882 2019 890 2019 958 2030 960 2030 962 2030 986 2020 1200 2026 1202 2026 1278 2017 1290 2017 1292 2017 1307 2028 1309 2028 1311 2028 1313 2028 1428 2019 1689 2028 1691 2028 1789 2017 2095 2024 2097 2024 2099 2024 2139 2013 2139 1987 2134 1925 1880 1935 1851 1927 1828 1921 1826 1921 1724 1921 1722 1921 1720 1921 1695 1929 1681 1933 1668 1929 1646 1923 1644 1923 1642 1923 1641 1923 1613 1929 1584 1939 1436 1939 1407 1933 1356 1923 1354 1923 1280 1933 1266 1935 1255 1933 1200 1925 1198 1925 1196 1925 1157 1935 1142 1939 1132 1935 1110 1925 1108 1925 1106 1925 1025 1937 1017 1937 1015 1937 986 1925 984 1925 843 1925 841 1925 839 1925 787 1939 777 1941 758 1939 645 1927 643 1927 641 1927 596 1941 594 1941 592 1941 543 1933 541 1933 350 1943 352 1995"/></Shape>
            <String CONTENT="qui ia eſtoyent deſcendus de ſon grant pere noe et de"
                    HPOS="350"
                    VPOS="1921"
                    WIDTH="1789"
                    HEIGHT="111"
                    ></String>
          </TextLine>
          <TextLine ID="eSc_line_9921e494"
                    TAGREFS="LT8"
                    BASELINE="358 2087 2139 2075" 
                    HPOS="356"
                    VPOS="2011"
                    WIDTH="1783"
                    HEIGHT="115">
            <Shape><Polygon POINTS="358 2087 360 2126 415 2112 522 2124 526 2124 528 2124 534 2124 654 2110 732 2122 744 2122 746 2122 762 2120 834 2112 890 2118 906 2120 908 2120 910 2120 916 2118 956 2108 997 2118 1013 2120 1015 2120 1040 2116 1097 2108 1128 2116 1145 2120 1147 2120 1149 2120 1198 2114 1270 2106 1391 2112 1524 2118 1526 2118 1527 2118 1529 2118 1539 2110 1547 2104 1564 2110 1588 2116 1590 2116 1592 2118 1841 2118 1841 2116 1888 2106 2083 2114 2085 2114 2087 2114 2139 2100 2139 2075 2134 2013 1465 2028 1440 2015 1436 2011 1434 2011 1432 2011 1430 2011 1401 2015 1340 2022 1280 2015 1249 2011 1247 2011 1245 2011 1229 2015 1175 2030 1144 2015 1138 2013 1136 2013 990 2013 988 2013 986 2013 978 2015 937 2032 783 2017 760 2015 758 2015 756 2015 752 2017 713 2034 637 2034 592 2020 590 2020 588 2020 450 2032 356 2019 358 2087"/></Shape>
            <String CONTENT="son pere iaphet et de ſes oncles ſem et cain et autres"
                    HPOS="356"
                    VPOS="2011"
                    WIDTH="1783"
                    HEIGHT="115"
                    ></String>
          </TextLine>
          <TextLine ID="eSc_line_7066db9a"
                    TAGREFS="LT8"
                    BASELINE="358 2167 2130 2161" 
                    HPOS="356"
                    VPOS="2098"
                    WIDTH="1774"
                    HEIGHT="110">
            <Shape><Polygon POINTS="358 2167 358 2208 508 2192 598 2206 604 2206 606 2206 608 2206 610 2206 660 2192 789 2192 836 2202 851 2206 853 2206 855 2206 857 2206 861 2202 878 2190 954 2190 1021 2200 1034 2202 1036 2202 1050 2200 1101 2190 1379 2190 1391 2196 1407 2204 1409 2204 1411 2206 1469 2206 1469 2204 1566 2194 1603 2190 1648 2192 1798 2202 1800 2202 1872 2190 1884 2188 1892 2190 1935 2202 1937 2202 1939 2204 2099 2204 2099 2202 2100 2202 2130 2186 2130 2161 2128 2110 2099 2098 2097 2098 2095 2098 1970 2108 1872 2098 1870 2098 1869 2098 1841 2108 1672 2098 1670 2098 1533 2110 1161 2100 1159 2100 1034 2110 393 2104 391 2104 389 2104 356 2114 358 2167"/></Shape>
            <String CONTENT="que engendra noe apres le deluge auoyent led̶ ſa¬"
                    HPOS="356"
                    VPOS="2098"
                    WIDTH="1774"
                    HEIGHT="110"
                    ></String>
          </TextLine>
          <TextLine ID="eSc_line_bde15d0e"
                    TAGREFS="LT8"
                    BASELINE="362 2260 1075 2245 2147 2247" 
                    HPOS="360"
                    VPOS="2180"
                    WIDTH="1787"
                    HEIGHT="102">
            <Shape><Polygon POINTS="362 2260 362 2280 2143 2282 2147 2247 2141 2182 2099 2194 2054 2184 2052 2184 1952 2194 1900 2184 1872 2180 1870 2180 1869 2180 1867 2180 1861 2186 1847 2194 1796 2186 1791 2186 1789 2186 1779 2186 1687 2196 1670 2188 1666 2186 1664 2186 1662 2186 1650 2188 1611 2196 1572 2188 1533 2182 1531 2182 1529 2182 1527 2182 1518 2190 1508 2196 1428 2198 1416 2192 1403 2184 1401 2184 1399 2184 1336 2192 1303 2196 1290 2192 1262 2184 1260 2184 1259 2184 1257 2184 1233 2194 1221 2200 1134 2200 1122 2194 1091 2184 1089 2184 1087 2184 1025 2196 1021 2196 1015 2196 892 2186 890 2186 888 2186 861 2198 855 2200 849 2198 802 2186 801 2186 799 2186 797 2186 795 2186 775 2200 771 2202 717 2202 713 2200 686 2188 684 2188 682 2188 613 2200 491 2188 489 2188 360 2204 362 2260"/></Shape>
            <String CONTENT="mothes a merueilleuse reuerance. dyogenes laercius"
                    HPOS="360"
                    VPOS="2180"
                    WIDTH="1787"
                    HEIGHT="102"
                    ></String>
          </TextLine>
          <TextLine ID="eSc_line_3197bb1a"
                    TAGREFS="LT8"
                    BASELINE="358 2346 2157 2342" 
                    HPOS="356"
                    VPOS="2264"
                    WIDTH="1801"
                    HEIGHT="125">
            <Shape><Polygon POINTS="358 2346 358 2377 613 2375 629 2377 691 2389 693 2389 695 2389 738 2377 748 2375 758 2377 801 2389 802 2389 804 2389 806 2389 830 2377 834 2375 1204 2375 1210 2375 1253 2389 1255 2389 1257 2389 1321 2375 1335 2373 1344 2375 1381 2387 1383 2387 1385 2389 1537 2389 1537 2387 1602 2375 1615 2373 1627 2375 1691 2387 1693 2387 1773 2375 1777 2375 1789 2375 2112 2387 2114 2387 2116 2387 2157 2373 2157 2342 2151 2268 1668 2280 1652 2272 1635 2264 1633 2264 1557 2264 1555 2264 1488 2274 1446 2280 1432 2274 1407 2264 1405 2264 1311 2264 1309 2264 1307 2264 1284 2276 1274 2282 1167 2282 1151 2278 1118 2266 1116 2266 1114 2266 1062 2278 1058 2278 1056 2278 984 2266 982 2266 980 2266 954 2278 937 2266 935 2266 933 2266 931 2266 804 2276 711 2266 709 2266 627 2282 625 2282 559 2266 557 2266 555 2266 553 2266 528 2282 403 2272 401 2272 399 2272 356 2284 358 2346"/></Shape>
            <String CONTENT="lequel a escript la vie des phillozophes qui ia eſtoyẽt"
                    HPOS="356"
                    VPOS="2264"
                    WIDTH="1801"
                    HEIGHT="125"
                    ></String>
          </TextLine>
          <TextLine ID="eSc_line_8ff62fcc"
                    TAGREFS="LT8"
                    BASELINE="360 2430 2139 2436" 
                    HPOS="358"
                    VPOS="2364"
                    WIDTH="1781"
                    HEIGHT="114">
            <Shape><Polygon POINTS="360 2430 358 2459 403 2475 405 2475 407 2475 890 2463 960 2475 962 2475 1181 2465 1218 2475 1220 2475 1221 2475 1395 2467 1469 2477 2026 2478 2028 2478 2030 2478 2056 2467 2137 2467 2139 2436 2134 2367 2097 2379 2079 2367 2077 2367 2075 2367 2073 2367 2071 2367 1960 2379 1946 2369 1945 2369 1943 2369 1941 2369 1939 2369 1906 2377 1767 2367 1765 2367 1705 2379 1670 2367 1668 2367 1666 2367 1395 2377 1377 2365 1375 2365 1374 2365 1372 2365 1366 2365 1227 2377 1124 2365 1122 2365 1023 2377 984 2365 982 2365 980 2365 978 2365 953 2377 849 2364 839 2364 838 2364 836 2364 834 2364 799 2375 528 2364 516 2364 514 2364 512 2364 510 2364 493 2375 471 2364 469 2364 467 2364 465 2364 419 2375 360 2364 360 2430"/></Shape>
            <String CONTENT="deſcendus dit au commancement de ſon liure dit"
                    HPOS="358"
                    VPOS="2364"
                    WIDTH="1781"
                    HEIGHT="114"
                    ></String>
          </TextLine>
          <TextLine ID="eSc_line_f5bf011b"
                    TAGREFS="LT8"
                    BASELINE="360 2527 2163 2531" 
                    HPOS="358"
                    VPOS="2455"
                    WIDTH="1805"
                    HEIGHT="115">
            <Shape><Polygon POINTS="360 2527 358 2545 481 2568 483 2570 559 2570 559 2568 561 2568 615 2551 713 2568 715 2570 793 2570 793 2568 795 2568 820 2556 988 2568 990 2568 992 2568 1030 2554 1040 2551 1066 2554 1159 2568 1161 2568 1453 2558 1488 2558 1498 2558 1564 2570 1566 2570 1568 2570 1605 2560 1644 2551 1935 2551 1966 2564 1978 2570 1980 2570 1982 2570 2161 2566 2163 2531 2161 2459 2065 2457 2063 2457 2061 2457 2056 2459 2022 2469 1791 2459 1711 2457 1709 2457 1707 2457 1701 2461 1681 2471 1290 2471 1251 2463 1214 2455 1212 2455 360 2465 360 2527"/></Shape>
            <String CONTENT="que philozophie print ſon commancement des ꝑſes"
                    HPOS="358"
                    VPOS="2455"
                    WIDTH="1805"
                    HEIGHT="115"
                    ></String>
          </TextLine>
          <TextLine ID="eSc_line_f942d001"
                    TAGREFS="LT8"
                    BASELINE="360 2619 2134 2619" 
                    HPOS="360"
                    VPOS="2547"
                    WIDTH="1774"
                    HEIGHT="115">
            <Shape><Polygon POINTS="360 2619 360 2642 415 2660 417 2660 419 2662 598 2662 598 2660 600 2660 660 2644 1960 2660 1962 2660 1964 2660 2021 2644 2134 2644 2134 2619 2134 2562 1900 2547 1898 2547 1896 2547 1865 2562 1715 2562 1685 2547 1683 2547 1613 2547 1611 2547 1609 2547 1582 2562 1508 2562 1469 2547 1467 2547 1465 2547 1407 2558 1331 2547 1329 2547 1327 2547 1325 2547 1309 2556 1233 2549 1231 2549 1116 2560 1091 2547 1089 2547 1007 2547 1005 2547 1003 2547 976 2562 765 2562 740 2549 738 2549 736 2549 693 2556 586 2547 584 2547 582 2547 580 2547 559 2562 504 2562 397 2547 395 2547 393 2547 360 2560 360 2619"/></Shape>
            <String CONTENT="leſquelz auoyent tiltres de philozophes appellees"
                    HPOS="360"
                    VPOS="2547"
                    WIDTH="1774"
                    HEIGHT="115"
                    ></String>
          </TextLine>
          <TextLine ID="eSc_line_cc1d3bfc"
                    TAGREFS="LT8"
                    BASELINE="368 2712 711 2703 2188 2708" 
                    HPOS="366"
                    VPOS="2634"
                    WIDTH="1822"
                    HEIGHT="111">
            <Shape><Polygon POINTS="368 2712 366 2742 551 2744 553 2744 555 2744 559 2742 580 2732 1091 2732 1124 2742 1126 2742 1128 2742 1130 2742 1147 2732 1161 2742 1163 2742 1165 2742 1167 2742 1179 2742 1274 2736 1313 2742 1340 2745 1342 2745 1344 2745 1356 2742 1375 2736 2184 2740 2188 2708 2186 2648 2077 2636 2075 2636 2073 2636 2071 2636 2056 2648 2050 2652 1763 2652 1755 2648 1742 2638 1740 2638 1738 2638 1736 2638 1672 2648 1648 2650 1631 2648 1586 2638 1584 2638 1582 2638 1580 2638 1566 2648 1561 2652 1424 2652 1416 2648 1397 2636 1395 2636 1393 2636 1303 2648 1292 2648 1286 2648 1247 2634 1245 2634 1243 2634 1163 2646 1126 2634 1124 2634 1122 2634 1120 2634 1097 2648 1093 2650 1011 2650 1007 2648 968 2634 966 2634 771 2634 769 2634 767 2634 746 2644 652 2634 650 2634 648 2634 619 2648 615 2648 584 2648 407 2638 405 2638 368 2646 368 2712"/></Shape>
            <String CONTENT="mages des babiloniens et aſſiriens ou furent appellez"
                    HPOS="366"
                    VPOS="2634"
                    WIDTH="1822"
                    HEIGHT="111"
                    ></String>
          </TextLine>
          <TextLine ID="eSc_line_10ce59bb"
                    TAGREFS="LT8"
                    BASELINE="358 2802 1138 2794 2169 2806" 
                    HPOS="356"
                    VPOS="2722"
                    WIDTH="1813"
                    HEIGHT="121">
            <Shape><Polygon POINTS="358 2802 356 2831 648 2839 650 2839 695 2831 726 2827 1048 2827 1110 2831 1239 2841 1241 2841 1243 2841 1268 2831 1274 2829 1297 2831 1389 2841 1391 2841 1500 2831 1526 2829 1541 2831 1603 2841 1605 2841 1683 2831 1685 2831 1687 2831 1726 2843 1728 2843 1730 2843 1863 2833 2071 2843 2073 2843 2167 2829 2169 2806 2169 2745 2095 2726 2093 2726 2091 2726 2089 2726 2054 2744 1898 2728 1896 2728 1894 2728 1859 2744 1857 2745 1802 2745 1800 2744 1755 2728 1754 2728 1752 2728 1681 2744 1678 2744 1674 2744 1625 2724 1623 2724 1621 2724 1506 2738 1471 2724 1469 2724 1467 2724 1465 2724 1463 2724 1434 2742 1432 2744 1399 2744 1397 2742 1374 2726 1372 2726 1370 2726 1368 2726 1294 2742 1292 2742 1262 2724 1260 2724 1259 2724 1257 2724 1255 2724 1200 2742 1198 2742 1194 2742 1079 2722 841 2722 839 2722 672 2740 664 2740 569 2740 508 2740 477 2726 475 2726 473 2726 358 2738 358 2802"/></Shape>
            <String CONTENT="caldaicques et des celtes qui ſont ausourduy nõmes"
                    HPOS="356"
                    VPOS="2722"
                    WIDTH="1813"
                    HEIGHT="121"
                    ></String>
          </TextLine>
          <TextLine ID="eSc_line_adc0bdae"
                    TAGREFS="LT8"
                    BASELINE="348 2901 898 2892 2212 2899" 
                    HPOS="348"
                    VPOS="2818"
                    WIDTH="1864"
                    HEIGHT="124">
            <Shape><Polygon POINTS="348 2901 348 2936 769 2925 838 2938 841 2938 843 2938 845 2938 875 2923 919 2931 921 2931 1081 2921 1239 2921 1278 2936 1280 2936 1282 2936 1284 2936 1325 2921 1352 2931 1354 2931 1356 2931 1518 2923 1654 2940 1662 2940 1664 2942 1757 2942 1757 2940 1759 2940 1761 2940 1791 2923 1828 2923 1859 2940 1861 2940 1863 2940 1865 2942 2021 2942 2021 2940 2022 2940 2075 2923 2102 2940 2104 2940 2106 2940 2108 2942 2210 2942 2212 2899 2212 2835 2134 2821 2132 2821 2063 2833 2024 2839 1995 2833 1952 2821 1950 2821 1948 2821 1946 2821 1915 2831 1913 2831 1909 2831 1824 2821 1822 2821 1820 2821 1802 2831 1785 2841 1750 2841 1732 2829 1720 2821 1718 2821 1717 2821 1646 2821 1644 2821 1642 2821 1617 2829 1584 2839 1564 2827 1551 2821 1549 2821 1481 2821 1479 2821 1451 2827 1401 2839 1340 2839 1321 2825 1311 2820 1309 2820 1307 2820 1249 2820 1247 2820 1245 2820 1235 2825 1216 2835 1196 2825 1184 2820 1183 2820 1118 2820 1116 2820 1114 2820 1112 2820 1106 2823 1083 2839 1046 2839 1015 2823 1007 2820 1005 2820 847 2820 845 2820 843 2820 838 2821 810 2835 594 2837 450 2837 348 2818 348 2901"/></Shape>
            <String CONTENT="francois qui ſe nõmoyent ſamothes leſquelz ſamothes"
                    HPOS="348"
                    VPOS="2818"
                    WIDTH="1864"
                    HEIGHT="124"
                    ></String>
          </TextLine>
          <TextLine ID="eSc_line_14c349fd"
                    TAGREFS="LT8"
                    BASELINE="358 2985 1077 2979 1775 2991 2165 2985" 
                    HPOS="356"
                    VPOS="2909"
                    WIDTH="1809"
                    HEIGHT="115">
            <Shape><Polygon POINTS="358 2985 356 3012 610 3020 611 3020 668 3012 709 3007 744 3012 793 3020 795 3020 797 3020 799 3020 810 3012 822 3007 1167 3009 1175 3011 1243 3022 1245 3022 1247 3022 1284 3011 1307 3022 1309 3022 1311 3024 1878 3024 1878 3022 1946 3009 1950 3009 2163 3009 2165 2985 2161 2935 2056 2913 2054 2913 2052 2913 2007 2931 1982 2917 1980 2917 1978 2917 1976 2917 1943 2933 1943 2935 1611 2935 1609 2933 1510 2909 1508 2909 1506 2909 1461 2927 1428 2911 1426 2911 1424 2911 1360 2919 1321 2909 1319 2909 1317 2909 1315 2909 1280 2925 1255 2909 1253 2909 1251 2909 1081 2909 1079 2909 1077 2909 1032 2925 990 2909 988 2909 886 2909 884 2909 882 2909 838 2933 836 2933 789 2909 787 2909 785 2909 783 2909 715 2929 676 2911 674 2911 512 2909 510 2909 358 2931 358 2985"/></Shape>
            <String CONTENT="ainſi que teſmoigne ariſtote en ſa magicque et s"
                    HPOS="356"
                    VPOS="2909"
                    WIDTH="1809"
                    HEIGHT="115"
                    ></String>
          </TextLine>
          <TextLine ID="eSc_line_a6bfc5b9"
                    TAGREFS="LT8"
                    BASELINE="356 3071 1030 3065 2171 3083" 
                    HPOS="354"
                    VPOS="2993"
                    WIDTH="1817"
                    HEIGHT="160">
            <Shape><Polygon POINTS="354 3110 467 3139 469 3141 559 3141 559 3139 561 3139 606 3114 664 3114 678 3114 693 3114 721 3114 763 3137 765 3137 767 3137 769 3137 771 3137 808 3116 855 3116 867 3116 888 3129 890 3129 892 3129 894 3129 896 3129 898 3129 916 3118 978 3127 980 3127 1097 3118 1161 3145 1163 3145 1165 3145 1167 3145 1229 3124 1266 3143 1268 3143 1270 3143 1272 3143 1274 3143 1297 3127 1344 3133 1346 3133 1348 3133 1379 3122 1430 3147 1432 3147 1576 3149 1578 3149 1580 3149 1646 3127 1672 3145 1674 3145 1676 3145 1746 3151 1748 3153 1793 3153 1793 3151 1794 3151 1796 3151 1832 3129 1888 3151 1890 3151 1892 3151 1894 3151 1945 3131 1974 3131 2011 3153 2013 3153 2015 3153 2017 3153 2120 3151 2122 3151 2169 3126 2171 3083 2169 3016 1945 3009 1943 3009 1941 3009 1923 3012 1894 3022 1759 3022 1633 3011 1561 3005 1559 3005 1557 3005 1547 3009 1531 3018 1450 3009 1385 3001 1383 3001 1381 3001 1356 3007 1321 3016 1297 3007 1280 2999 1278 2999 1276 2999 1019 3005 953 3005 939 3003 892 2995 890 2995 804 3003 703 3011 687 3001 678 2993 676 2993 674 2993 672 2993 670 2993 641 3001 608 3011 495 3011 446 2999 436 2997 434 2997 422 2999 372 3007 358 2997 356 3071 354 3110"/></Shape>
            <String CONTENT="cecio au xxiii.ͤ liure des ſuſceſſions furent tres ſauãs"
                    HPOS="354"
                    VPOS="2993"
                    WIDTH="1817"
                    HEIGHT="160"
                    ></String>
          </TextLine>
        </TextBlock>
      </PrintSpace>
    </Page>
  </Layout>
</alto>
