2481 3508
2258 125 44 278 3

313 265 1795 138 en droit diuin et humam Et a ceſte cauſe trſadonnez

317 368 1778 140 a Religion. Et quelque choſe que veulle dire dyogenes

315 477 1826 125 qui recite que philozophie fut premierement trouuee

313 574 1803 115 en grece ceſt erreur tout manifeſte car ainſi que dit

315 658 1700 113 cezar au vi.ͤ liure de ſes cõmentaires toutes les

315 740 1807 123 gaulles ont eu les ſciences et ſauoir des. Samothes

319 834 1766 117 ainsi que dyent les grecz les auoyent des ſamothes

319 925 1783 127 Car deuant le temps de cadmus quilz dyent ĩuẽte.ͬ

315 1013 1791 125 des lectres elles auoyent eſte en france vſitees ẽſemble

315 1095 1803 132 auſſi les mectres et vers poetiques philozophie theo

319 1184 1758 115 logie et les loix ainſi appart que quelque choſe que

315 1274 1819 121 veullent dire pluſieurs hiſtoriographes que le p̾mier

321 1368 1811 124 Roy de france fut filz du ſecond filz de noe qui premier

313 1465 1750 121 diſtribua les ſciences en france et pluſieurs autres

323 1553 1777 123 regions. Par quoy les grecz ſont faulx et mẽſõgiers

319 1639 1768 120 qui se veullent atribuer tel honne.ͬ Car longue

319 1728 1842 125 eſpace de temps deuant que aucune ſcience ne lictera

315 1816 1922 125 ture floriſt en grece les francois allemans espaignoulz

317 1907 1754 119 et autres nations les auoyent comme familieres

313 1993 1739 127 Ceſtuy ſamothes premier roy de france euſt telle

333 2087 655 123 poſterite et lignee.

317 2250 1789 115 Samothes engendra galathea. galathes magus

317 2344 1789 119 ſarron. Nannes dryudes bardus longo bardus ii ͤ

323 2440 916 124 de ce nom. Seltes

463 2580 1628 154 Du ii ͤ Roy ͤdes Seltes que nous appellons

459 2707 1482 132 francoys nomme magus chappitre iii ͤ

350 2851 1786 156 Magus premier filz de ſamothes regna apres ſõ

342 2975 175 158 pere.

980 2999 567 152 Tranſlateur
