2481 3508
372 265 1806 134 Il eſt a noter que ce nom ycy magus eſt vng tm̃e

380 374 1769 115 ou vocable. Stithien qui vault autant a dire

378 473 1734 121 comme edificateur ou batiſſeur de maiſons

378 565 1793 128 car les francois vſerent adoncques de ceste lan¬

383 664 1753 111 que bien vray eſt que les perſes disent ce nom

358 748 1785 111 magus ſignifier philozophe mais en ce temps

374 841 1756 123 la langue des perſes neſtoit encore en vſaige

344 931 1858 125 Beroſe dit que ceſtuy cy fut le premier qui edifia

354 1027 1805 103 pluſieurs villes et actes . Car comme teſmoigne

370 1105 1773 118 tholomee fut par luy edifiee en acquitaine vne

376 1196 1775 101 cite de luy nominee nomomagus en la gaulle

376 1284 1843 99 lyonnoiſe neomagus rothomagus et nyoma¬

378 1364 1853 126 qus en la france belgicque vng autre rothoma

378 1459 1744 119 gus qui eſt la cite principale de normendie

360 1551 1779 113 nommee Rouen et autre nõmee neomagus

368 1639 1748 116 Berbethomagus en la gaulle de nerbonne

376 1732 1832 117 edifia deux cites. vindomagus et neomagus

381 1820 1772 115 Et uilles ceſar en ſes commentaires a nõme

376 1911 1789 113 en france iuliomagus et teſaromagus . Car

368 2001 1849 109 toutes cites de ce nom magus eſtoyent appellees

372 2089 1816 111 magez ie me de porte de dire quelles cites ce ſont

364 2173 1832 101 dautant que aucunes depuis le temps de tholo¬

354 2256 1840 111 mee ont eſtes deſtruictes et les autres ont chãge

370 2344 1857 123 leur nom. Touteſfois il eſt euident q̃ rothoma¬

376 2443 1313 115 gus eſt rouen en normendie.

502 2578 1653 160 De ſarron ii.ͤ filz de ſamothes troiſieſme

512 2707 1429 128 Roy des celtes ou francoys chiiii ͤ

356 2864 1768 143 Sarron regna apres ſon frẽ magus qui

374 2981 1863 174 fut la pñt qui par auſter aux hoẽs les mauuaiz
