2481 3508
2266 144 47 78 4

309 274 1739 133 exteraces fiſt les eſcolles publicques que nous

307 368 1832 138 diſons vniuersites. Et de luy furent les ſamothes

309 469 1803 129 au Iourduy francoys appelles. Saronides aĩſi

317 557 1782 127 que dit diodore en son vi.ͤ liure il ya dist il en

311 645 1834 138 la france celticque pluſieurs theologiens et phi¬

309 752 1823 123 loz ophes qui ſappellent zaronides qui ſont gens

313 838 1840 128 de grant eſtime entre les hoẽs et ont telle couſtuẽ

313 933 1778 129 que iamais ilz ne font ſacriffice que quelque

311 1023 1830 122 grant philozophe ne ſoit leur principal directe.ͬ

311 1118 1844 107 car ilz ont eſtime que les ſaiges ont participatiõ

307 1210 1768 97 auecques la nature diuine et que par eulx ſe

307 1282 1813 117 doiuent faire les ſacrifices et que len ne doit riẽs

309 1370 1903 111 demander aux dieux ſinon par linterceſſiõ diceulx

311 1459 1760 117 et que en paix et guerre on doit vſer de le.ͬ ꝯseil

300 1549 1795 119 Bien est vray que deuant ceſtuy ſarron les ſa

317 1635 1678 122 mothes eſtoyent theologiens et philozophes

307 1732 1696 119 mais ilz nauoyent encores aucunes eſcolles

317 1816 526 136 publicques.

327 1993 1697 119 Du iiii.ͤ roy de celtes ou francois nomme

321 2083 875 130 dryus v.ͤ chappitre.

448 2225 1672 152 Dryus iiii.ͤ Roy de france fut homme de

317 2346 1815 117 treſgrant et merueilleux ſauoir. Ceſar en ſon

313 2438 1784 107 ſix.ͤ des commentaires et diodore en ſon ſix.ͤ

311 2523 1789 121 liure des celtes diſent ilz qui ſont les francoys

313 2619 1786 109 vsent de diminutions dangures et sacrifices

307 2705 1788 122 par leſquelles prediſoyent les choſes futures de

311 2800 1780 115 ceulx Icy parle lucan et pline en la fin du

339 2886 1736 117 xvi.ͤ liure de ſuetone de ceulx cy parle lucan

302 2972 1763 157 et pline en la fin en la uie de claude cezar Ce
