2481 3508
385 282 1791 121 ſont ceulx de dreux et des enuirons en normẽdie

397 450 1659 150 De baldus v.ͤ Roy des celtes chappitre vi ͤ

381 647 1792 128 Bardus fut treſexcellant en Inuention de ꝯposer

381 756 1832 115 vers et chancons de muſicque ainſi que dit beroze

378 843 1779 110 de ceſtuy vint vne ſecte nõmee la ſecte bardre que

380 935 1787 119 comme alaiſſe par eſcript diodore en ſon vi.ͤ liure

381 1029 1776 109 il ya diſt il en gaulle celtiques poetes inuenteurs

380 1108 1777 119 de toute doulceur de muſique quon appelle bardes

380 1200 1822 111 et chantent auecques les orgres ne plus ne mains

380 1290 1796 109 que les autres nations auecques la herpe diſans

380 1375 1795 106 louenges des vngs et vitupere des autres et ſont de

389 1465 1766 111 ſi grande eſtime en guerre quilz nont pas ſi toſt

378 1553 1806 115 veu leurs ennemis quilz ſont vaincus et pource

374 1637 1789 118 ſauue lonneur des grecz et ne leur deſplaiſe car ilz

381 1734 1784 115 ont eu les ſciences des francoys quilz ont reputes

380 1822 1789 130 barbares qui ont premier trouue les ars et ſciences

378 1919 713 119 que nont les grecz

509 2063 1079 147 De longho vi.ͤ loy des celtes

368 2225 1723 150 Longho fut le premier duquel ſont nommes

387 2350 1780 119 ceulx de langres lesquelz de ce nom eſtoyent ditz

395 2445 1776 111 longones en terme latin et maintenant lingones

385 2535 1799 115 comme recite ptholomee et autres triographes

385 2627 1801 115 Ce nom ycy longho vault autant adire cõe prince

389 2718 1782 125 conſeruant et de grant prudence a garder ce quil

397 2821 686 106 auoit conquis

456 2989 1108 142 De bardus vii ͤ roy des celtes
