2481 3508
2238 96 58 295 5

276 272 1733 127 Bardus le ieune et ſecond de ce nom Regna apres

294 374 1781 138 longho de luy neſt trouue choſe digne de memoire

296 555 1000 132 De lucus viii.ͤ Roy de celtes

249 748 1781 121 Lucus eſt celluy dont ſont nommes au pres de

257 836 1764 134 paris luſarche comme le teſmoigne ptholomee en

305 935 661 129 ſa coſmagraphie.

309 1099 1404 117 De celtes ix.ͤ Roy des celtes ou francois

305 1266 1758 131 Celte est celuy dont eſt nomme la gaulle Celtique

313 1366 1739 115 qui fut la premiere terre hĩtee en france ce nom

311 1449 1743 125 de celtes leur a dure iusques a francois xxii.ͤ Roy

309 1545 1745 123 dont fut le pays nomme france et les hommes

305 1639 1756 116 francois qui en portent le nom par excellance es

313 1728 1805 115 gaulles ſubgete au roy de france en ſorte que toutes

311 1814 1793 119 les terres de ſon Royaume comme acquitaine et la

317 1902 1774 120 gaulle belgicque et autres terres voismes ſont ap¬

304 1985 1828 123 pellees france et les hĩtans dicelle francois. Et le roy

317 2077 1743 117 de france prent ſon nom de celle Region dautant

327 2165 1754 117 que apres le deluge fut la premiere habitee Et quil

321 2249 1739 118 ſoit ainsi lexperience nous le monſtre a loeil et a

321 2342 1781 105 vnchaſcun viuant de ce temps qui vouldroit ſau̾

317 2430 1846 115 letymologie de ce nom celtes liſe viterbience cõmẽtate ͬ

317 2519 1828 131 de beroſe surce paſſaige en ſon cinq.ͤ liure ſur le tex¬

315 2610 1086 129 te apud celtas celte aquo ⁊c̃.

330 2774 1176 146 De galathes x.ͤ Roy de celtes

319 2956 1801 193 Galathes fut filz de hercules degipte aniſi que dit
