1132 1824
463 137 49 50 69

78 182 825 51 uent eſtre ramenez à leur deuoir, voire meſmes

79 235 820 48 pourſuiuis & contraints par la voie des armes,

81 280 823 52 (ſi autrement faire ne ſe peut) par ceux, qui

77 328 824 53 ſous telles conditions les auront eſleuez en leur

79 373 167 55 throſne.

126 419 778 60 D’auantage, on ſe fortifie del’exemple de Da

79 471 818 53 uid, lequel aiant deſ-ia la promeſſe de la ſucceſ¬

79 519 820 56 ſiond e la Couronne, & exerçant l’eſtat de Prin¬

79 565 821 56 cipal conducteur des guerres, ce neantmoins e¬

79 614 820 51 ſtant tyranniquement perſecuté, a tant eſtime

81 666 815 52 l’oint du Seigneur, que l’aiant entre ſes mains, il

81 711 815 55 ne lui a fait ni ſouffert qu’on lui fiſt aucun mal:

84 761 819 53 qui plus eſt a ſur le champ executé à mort celui

85 807 821 56 qui ſe vanta de l’auoir tué. Bref, il l’a honnoré

84 854 822 60 vif & mort, quelque Tyran qu’il fuſt. I’accorde

84 905 822 56 tout cela, & confeſſe que la Foi, la patience, la

84 950 824 57 bonté de Dauid ſont vertus merueilleuſement

83 1002 821 52 recommendables, & que tous vrais Chreſtiens

84 1048 823 55 ſe doiuent efforcer d’enſuiure ceſt exemple &

88 1096 818 52 tous autres ſemblables: & confeſſe encores plus

87 1148 821 50 outre, que nous deuons meſmes rendre le bien

89 1194 820 56 pour le mal à tous, ſoient ſuperieurs, egaux, ou

86 1242 818 53 inferieurs: mais ie nie que la patience & la de¬

88 1288 823 55 bonnaireté requiſe aux Chreſtiens, empeſche

92 1339 820 53 qu’on ne ſe puiſſe ſeruir des remedes legitimes

91 1387 822 53 pour repouſſer l’iniure qu’on endure. Il eſt donc

90 1434 821 55 loiſible de ſe pouruoir par Iuſtice pour deman¬

90 1481 821 57 der le ſien, de ſe plaindre au Magiſtrat ſuperieur

90 1529 822 55 de l’iniuſtice de l’inferieur, & par meſme raiſon

92 1579 821 49 peut-on demander Iuſtice aux Eſtats contre le

97 1626 816 55 Tyran. Que ſi la voie de Iuſtice eſt du tout em¬

94 1674 818 62 peſchee par la Tyrannie, tant ſ'en faut que l’ex¬

937 420 126 39 Dauid e

910 456 156 46 demeuré és

910 500 152 39 bornes de

904 540 156 41 vocation

912 580 148 41 defendant

914 621 154 44 contre Sau

910 657 155 46 1.Sam.24.7

910 698 156 47 & 26.9. &

909 740 138 53 Sam.1.16.

686 1728 53 67 I 3
