1132 1824
658.0 125.0 54.0 47.0 68

315.0 166.0 778.0 67.0 Premierement, on allegue, Que c’eſt aux Ma

272.0 217.0 821.0 61.0 giſtrats, & ſur tout aux ſouuerains de comman¬

274.0 264.0 820.0 65.0 der: Ie l’accorde, mais i’adiouſte que ceſte puiſ¬

269.0 311.0 821.0 65.0 ſãce eſt limitee par les droits diuins & humains.

317.0 361.0 774.0 63.0 Plus on met en auant, Que ſi les Rois deuiẽ¬

270.0 405.0 819.0 70.0 nent Tyrans, bien eſt vrai qu’il ne ſe faut pas fai¬

275.0 459.0 814.0 60.0 re executeur d’vn commandement notoiremẽt

272.0 504.0 819.0 60.0 meſchant: mais qu’il faut endurer de ſon ſouue¬

272.0 555.0 819.0 63.0 rain: auquel il n’eſt licite au ſubiet d’oppoſer

269.0 602.0 813.0 64.0 quelque force. Ie n’accorde ceci ſinon auecq

267.0 648.0 825.0 64.0 les diſtinctions ci-deſſus declarees, portans en

265.0 701.0 826.0 61.0 ſomme quant aux perſonnes priuees, Que ſi el¬

265.0 744.0 828.0 64.0 les ne ſont authoriſees par quelque legitime Ma

265.0 792.0 823.0 64.0 giſtrat ſubalterne, ou par les Eſtats de la nation,

264.0 842.0 828.0 61.0 il faut vraiement ou qu’elles ſe retirent attendãs

265.0 891.0 826.0 62.0 vn meilleur temps, ou qu’elles tendent les eſ¬

267.0 937.0 824.0 66.0 paules demandans patience à Dieu, & proffitãs

263.0 985.0 827.0 65.0 ſous ſes corrections. Et quant aux Magiſtrats

264.0 1031.0 824.0 65.0 ſubalternes, que leur deuoir eſt de garder les bõ

263.0 1079.0 826.0 67.0 nes loix, deſquelles ils ont iuré l’obſeruation, à

263.0 1126.0 826.0 66.0 l’encontre de tous, ſelon la portion de l’eſtat pu¬

264.0 1174.0 825.0 66.0 blic qui leur eſt cõmiſe: & generallement d’em¬

263.0 1223.0 825.0 65.0 peſcher que les bonnes loix & conditions, ſur

263.0 1268.0 826.0 68.0 leſquelles l’eſtat public eſt fondé, ne ſoient fauſ¬

262.0 1320.0 827.0 63.0 ſecs par aucune force venant du dedans ou du

261.0 1365.0 827.0 66.0 dehors. Bref, que les Empereurs, Rois & autres

260.0 1418.0 827.0 61.0 ſouuerains ont tellement la ſouueraine admini¬

260.0 1463.0 828.0 63.0 ſtration entre mains, que ſi au lieu d’adminiſtrer

260.0 1511.0 826.0 64.0 ils deſtruiſent notoirement la ſouueraineté, cõ¬

261.0 1563.0 826.0 59.0 treuenans malicieuſement & opiniaſtrement

260.0 1607.0 824.0 66.0 à raiſon & Iuſtice, & notamment à ce qu’ils au¬

259.0 1656.0 823.0 70.0 ront iuré à la ſouueraineté, ils peuuent & doi¬

89.0 167.0 178.0 46.0 Lapuiſſance

90.0 209.0 173.0 41.0 des ſouue¬

89.0 245.0 177.0 43.0 rains n’eſt

89.0 285.0 175.0 59.0 point infinie

86.0 401.0 169.0 54.0 L'obeiſſan¬

88.0 449.0 172.0 51.0 ce des inferi

89.0 496.0 174.0 42.0 eurs enuers

95.0 530.0 167.0 51.0 le ſouuerain

90.0 568.0 170.0 68.0 eſt conditio¬

90.0 611.0 84.0 53.0 nelle.
