1132 1824
638.0 133.0 47.0 48.0 82

244.0 179.0 830.0 56.0 iets de l’Idolatrie, ou de ſuperſtition à la vraie

245.0 229.0 828.0 55.0 Religion, ſera de les faire bien inſtruire par

245.0 277.0 828.0 55.0 bons & vifs argumens: & le deuoir des ſub¬

244.0 328.0 830.0 54.0 iets au reciproque, eſt de donner lieu à raiſon

245.0 374.0 826.0 52.0 & verité. Finalement, le Prince doit dreſſer,

246.0 422.0 826.0 51.0 & entretenir de bons Edits contre ceux, qui

245.0 469.0 828.0 56.0 par ſeule opiniaſtreté voudront reſiſter à l’eſta¬

245.0 519.0 827.0 54.0 bliſſement de la vraie Religion: comme nous

248.0 568.0 823.0 53.0 voions de noſtre temps auoir eſté prattiqué en

245.0 615.0 825.0 54.0 Angleterre, Dannemarck, Suede, Eſcoſſe, v¬

245.0 665.0 827.0 52.0 ne bonne partie de l’Allemagne, & de Suiſ¬

244.0 711.0 827.0 54.0 ſe contre la Papauté, Anabaptiſtes, & autres

245.0 760.0 829.0 54.0 hereticques. Et ſi au lieu de croire la paillar¬

245.0 807.0 825.0 54.0 de ſanguinaire de Romme, les autres nations

249.0 858.0 822.0 50.0 vouloient tenir le meſme moien, il y auroit au¬

245.0 903.0 825.0 57.0 tre tranquilité tant en la Religion, qu’au reſte

246.0 950.0 823.0 56.0 de l’eſtat public. En tel cas doncques, aſſauoir

245.0 998.0 820.0 52.0 ſi on veut forcer les conſciences d’idolatrer,

247.0 1049.0 820.0 51.0 que feront les ſubiets? Certainement de vou¬

245.0 1095.0 823.0 56.0 loir contraindre leur ſeigneur à changer l’eſtat

246.0 1143.0 820.0 55.0 public, il n’y auroit ordre: & pourtant il faut

246.0 1194.0 817.0 54.0 que tous endurent patiemment la perſecution,

245.0 1241.0 819.0 53.0 ce neantmoins ſeruans à Dieu, ou bien qu’ils

243.0 1288.0 820.0 53.0 ſe retirent ailleurs. Mais les Edits eſtans legi¬

242.0 1336.0 822.0 55.0 timement dreſſez, & emologuez par autho¬

242.0 1383.0 821.0 58.0 rité publique: par leſquels ſera permis d’exer¬

242.0 1432.0 821.0 55.0 cer la vraie Religion: Ie di que le Prince eſt

241.0 1482.0 819.0 53.0 d’autant plus tenu de les obſeruer, que nuls

241.0 1529.0 818.0 55.0 autres, que l’eſtat de la Religion eſt de plus

242.0 1579.0 820.0 55.0 grande conſequence, que nul autre: ou bien

241.0 1627.0 818.0 53.0 par meſme ordre, & telle cognoiſſance de cau¬

240.0 1675.0 818.0 58.0 ſe qu’il appartient, les reuoquer. Sinon, ie dy,
