1132 1824
448.0 142.0 37.0 44.0 11

42.0 183.0 848.0 54.0 enregiſtrees par les prophanes meſmes, on trou¬

43.0 229.0 855.0 61.0 uera eſtre vrai ce que Nature meſmes ſemble nous

42.0 276.0 854.0 60.0 dire à haute voix, aſſauoir que les magiſtrats, par

44.0 324.0 855.0 60.0 l’authorité deſquels les inferieurs feuſſent gouuer

44.0 369.0 859.0 64.0 nez, ont eſté ordonnez d’autant qu’il eſtoit neceſ¬

46.0 423.0 854.0 57.0 ſaire, ou que tout le genre humain periſt, ou que

47.0 466.0 854.0 63.0 quelque ordre ſubalterne fuſt eſtabli, c’eſt à dire

53.0 513.0 850.0 70.0 par lequel vn ou pluſieurs commandaſſent aux au

49.0 563.0 853.0 62.0 tres, en conſeruant les bons, & reprimant les meſ¬

50.0 609.0 853.0 67.0 chans. C’eſt ce que non ſeullement Platon, Ariſto

51.0 658.0 854.0 62.0 te, & autres raiſonnables Philoſophes ont enſei¬

53.0 712.0 858.0 58.0 gné & prouué, ſans qu’ils feuſſent conduits que

53.0 753.0 853.0 64.0 par leur clairté naturelle: mais auſſi Dieu lui-meſ¬

51.0 804.0 858.0 60.0 mes a confermé en termes expres par la voix de

54.0 854.0 855.0 54.0 ſaint Paul eſcriuant aux Romains, dominateurs a¬

51.0 898.0 863.0 62.0 lors de la plus grãd part du monde. Telle eſt donc

51.0 946.0 861.0 64.0 l’origine des Republiques & Potentats rapportee

53.0 997.0 859.0 59.0 pour bonne raiſon à Dieu aucteur de tout bien.

59.0 1044.0 853.0 56.0 Ce qu’Homere meſmes a bien congneu & voulu

60.0 1092.0 857.0 61.0 declarer, appellant les Rois nourriſſons de Iupiter

56.0 1138.0 858.0 64.0 & paſteurs des peuples. Qui empeſche doncques

60.0 1187.0 854.0 63.0 qu’aians à parler de la puiſſance des magiſtrats &

60.0 1235.0 857.0 57.0 ſur tout des ſouuerains, nous ne montions iuſques

60.0 1282.0 855.0 58.0 à la ſource dont ils ſont decoulez, & conſiderions

60.0 1326.0 855.0 67.0 le but & la fin de l’eſtabliſſement d’iceux? eſtant

62.0 1378.0 855.0 59.0 choſe certaine que toute diſpute ſur les choſes iu¬

62.0 1430.0 858.0 56.0 ſtes ou iniuſtes, doit commencer & acheuer par

65.0 1471.0 860.0 70.0 ce but là, d’autant qu’alors vne choſe eſt bien &

68.0 1518.0 858.0 70.0 droitement faitte, quand elle arriue droit à la fin

65.0 1573.0 462.0 57.0 à laquelle elle eſt deſtinee.

120.0 1626.0 797.0 59.0 Chacun doncq confeſſe, quand il eſt queſtion

74.0 1665.0 852.0 140.0 de parler du deuoir des magiſtrats, qu'il eſt loiſi¬

922.0 851.0 126.0 70.0 Rom.13.5

926.0 1583.0 132.0 53.0 Iuſte reſi

935.0 1629.0 128.0 59.0 ce par les

937.0 1675.0 118.0 48.0 mes n'

659.0 1716.0 76.0 81.0 B2
