<?xml version="1.0" encoding="UTF-8"?>
<alto xmlns:xsi="http://www.w3.org/2001/XMLSchema-instance"
      xmlns="http://www.loc.gov/standards/alto/ns-v4#"
      xsi:schemaLocation="http://www.loc.gov/standards/alto/ns-v4# http://www.loc.gov/standards/alto/v4/alto-4-2.xsd">
  <Description>
    <MeasurementUnit>pixel</MeasurementUnit>
    <sourceImageInformation>
      <fileName>64_d650b_default.jpg</fileName>
      <fileIdentifier>mets//83_796e0_default.zip/64_d650b_default.jpg</fileIdentifier>
    </sourceImageInformation>
  </Description>
  <Tags>
    <OtherTag ID="BT7" LABEL="CustomZone" DESCRIPTION="block type CustomZone"/><OtherTag ID="BT8" LABEL="DamageZone" DESCRIPTION="block type DamageZone"/><OtherTag ID="BT9" LABEL="DigitizationArtefactZone" DESCRIPTION="block type DigitizationArtefactZone"/><OtherTag ID="BT10" LABEL="DropCapitalZone" DESCRIPTION="block type DropCapitalZone"/><OtherTag ID="BT11" LABEL="GraphicZone" DESCRIPTION="block type GraphicZone"/><OtherTag ID="BT12" LABEL="MainZone" DESCRIPTION="block type MainZone"/><OtherTag ID="BT13" LABEL="MarginTextZone" DESCRIPTION="block type MarginTextZone"/><OtherTag ID="BT14" LABEL="MusicZone" DESCRIPTION="block type MusicZone"/><OtherTag ID="BT15" LABEL="NumberingZone" DESCRIPTION="block type NumberingZone"/><OtherTag ID="BT17" LABEL="QuireMarksZone" DESCRIPTION="block type QuireMarksZone"/><OtherTag ID="BT18" LABEL="RunningTitleZone" DESCRIPTION="block type RunningTitleZone"/><OtherTag ID="BT19" LABEL="SealZone" DESCRIPTION="block type SealZone"/><OtherTag ID="BT20" LABEL="StampZone" DESCRIPTION="block type StampZone"/><OtherTag ID="BT21" LABEL="TableZone" DESCRIPTION="block type TableZone"/><OtherTag ID="BT22" LABEL="TitlePageZone" DESCRIPTION="block type TitlePageZone"/><OtherTag ID="BT2582" LABEL="MainZone-Head" DESCRIPTION="block type MainZone-Head"/><OtherTag ID="BT2583" LABEL="MainZone-P" DESCRIPTION="block type MainZone-P"/><OtherTag ID="BT2584" LABEL="MarginTextZone-Notes" DESCRIPTION="block type MarginTextZone-Notes"/><OtherTag ID="BT2585" LABEL="MainZone-Continued" DESCRIPTION="block type MainZone-Continued"/>
    <OtherTag ID="LT7" LABEL="CustomLine" DESCRIPTION="line type CustomLine"/><OtherTag ID="LT8" LABEL="DefaultLine" DESCRIPTION="line type DefaultLine"/><OtherTag ID="LT9" LABEL="DropCapitalLine" DESCRIPTION="line type DropCapitalLine"/><OtherTag ID="LT10" LABEL="HeadingLine" DESCRIPTION="line type HeadingLine"/><OtherTag ID="LT11" LABEL="InterlinearLine" DESCRIPTION="line type InterlinearLine"/><OtherTag ID="LT12" LABEL="MusicLine" DESCRIPTION="line type MusicLine"/>
  </Tags>
  <Layout>
    <Page WIDTH="1132"
          HEIGHT="1824"
          PHYSICAL_IMG_NR="64"
          ID="eSc_dummypage_">
      <PrintSpace HPOS="0"
                  VPOS="0"
                  WIDTH="1132"
                  HEIGHT="1824">
        <TextBlock HPOS="458.0"
                   VPOS="146.0"
                   WIDTH="41.0"
                   HEIGHT="41.0"
                   ID="eSc_textblock_3a72bec7"
                   TAGREFS="BT15">
          <Shape><Polygon POINTS="458 146 458 187 499 187 499 146"/></Shape>
          <TextLine ID="eSc_line_cfee130c"
                    TAGREFS="LT8"
                    BASELINE="463 174 491 174" 
                    HPOS="463.0"
                    VPOS="145.0"
                    WIDTH="28.0"
                    HEIGHT="45.0">
            <Shape><Polygon POINTS="483 147 473 146 470 145 463 145 463 174 463 185 490 190 491 174 490 147 483 147"/></Shape>
	    <String CONTENT="65"
                    HPOS="463.0"
                    VPOS="145.0"
                    WIDTH="28.0"
                    HEIGHT="45.0"
                    WC="0.9999698996543884"></String>
          </TextLine>
        </TextBlock>
        <TextBlock HPOS="42.0"
                   VPOS="183.0"
                   WIDTH="857.0"
                   HEIGHT="1549.0"
                   ID="eSc_textblock_457f9ac5"
                   TAGREFS="BT2585">
          <Shape><Polygon POINTS="42 185 78 1730 899 1732 885 183"/></Shape>
          <TextLine ID="eSc_line_b6f94073"
                    TAGREFS="LT8"
                    BASELINE="59 219 884 225" 
                    HPOS="59.0"
                    VPOS="182.0"
                    WIDTH="825.0"
                    HEIGHT="57.0">
            <Shape><Polygon POINTS="880 199 870 193 860 193 850 193 840 193 829 192 825 192 821 194 821 195 792 195 791 194 787 191 779 191 769 191 759 191 748 190 738 190 728 190 718 190 717 189 706 194 693 194 659 194 659 193 652 188 651 188 650 188 649 188 595 192 586 186 586 186 577 186 567 188 559 185 556 185 546 183 509 183 508 183 507 183 506 183 496 191 485 183 484 183 483 183 482 183 455 187 443 182 442 182 441 182 383 191 338 182 333 182 323 182 244 190 231 182 221 182 217 182 158 189 137 182 130 182 122 182 98 189 84 182 80 182 69 190 59 197 59 219 59 234 720 234 725 234 758 239 759 239 883 234 884 225 882 206 880 199"/></Shape>
	    <String CONTENT="decheuſſent de leurs fiefs ſ’ils commettoient fe¬"
                    HPOS="59.0"
                    VPOS="182.0"
                    WIDTH="825.0"
                    HEIGHT="57.0"
                    WC="0.9879871801454194"></String>
          </TextLine>
          <TextLine ID="eSc_line_5bc065e3"
                    TAGREFS="LT8"
                    BASELINE="59 268 888 274" 
                    HPOS="59.0"
                    VPOS="231.0"
                    WIDTH="829.0"
                    HEIGHT="58.0">
            <Shape><Polygon POINTS="59 268 59 283 588 282 591 283 595 287 596 287 597 287 652 288 653 288 654 288 655 288 662 283 664 283 749 283 756 283 791 289 792 289 887 283 888 274 887 239 866 238 865 238 864 238 863 238 845 247 750 247 719 246 700 237 698 236 697 236 696 236 695 236 692 237 666 244 642 236 641 236 640 236 574 235 573 235 572 235 571 235 558 245 481 245 467 235 467 234 466 234 465 234 464 234 463 234 461 234 444 242 399 242 374 234 373 234 372 234 371 234 349 240 322 233 321 233 320 233 319 233 318 233 317 233 292 243 263 243 250 233 249 233 248 233 247 233 246 233 220 239 191 232 190 232 189 232 188 232 187 232 171 242 104 242 59 231 59 268"/></Shape>
	    <String CONTENT="lonnie iuſques à deuenir manifeſtes &amp; autremẽt"
                    HPOS="59.0"
                    VPOS="231.0"
                    WIDTH="829.0"
                    HEIGHT="58.0"
                    WC="0.9957478654881319"></String>
          </TextLine>
          <TextLine ID="eSc_line_3a956bc0"
                    TAGREFS="LT8"
                    BASELINE="60 318 884 318" 
                    HPOS="60.0"
                    VPOS="281.0"
                    WIDTH="824.0"
                    HEIGHT="53.0">
            <Shape><Polygon POINTS="60 318 60 334 884 330 884 318 884 292 850 292 829 281 828 281 827 281 804 282 803 282 802 282 788 292 751 292 731 281 730 281 729 281 728 281 706 291 671 281 670 281 669 281 668 281 667 281 654 292 593 292 579 281 578 281 577 281 576 281 575 281 543 289 531 281 530 281 529 281 527 281 491 286 448 281 447 281 446 281 445 281 434 288 372 291 333 281 332 281 331 281 274 287 220 281 219 281 218 281 184 291 154 285 153 285 60 291 60 318"/></Shape>
	    <String CONTENT="incorrigibles Tyrans. Bref, eſtant choſe reſoluë"
                    HPOS="60.0"
                    VPOS="281.0"
                    WIDTH="824.0"
                    HEIGHT="53.0"
                    WC="0.9983088386302091"></String>
          </TextLine>
          <TextLine ID="eSc_line_6229f691"
                    TAGREFS="LT8"
                    BASELINE="61 363 881 370" 
                    HPOS="60.0"
                    VPOS="331.0"
                    WIDTH="821.0"
                    HEIGHT="56.0">
            <Shape><Polygon POINTS="61 363 60 372 97 382 98 383 193 383 193 382 194 382 214 375 275 383 276 383 277 383 304 376 341 382 342 382 373 376 425 385 426 385 494 380 530 386 531 386 532 386 546 378 652 378 667 387 668 387 669 387 706 381 879 381 881 370 881 344 868 336 867 336 866 336 865 336 823 344 739 344 723 335 722 335 721 335 629 342 570 336 569 336 568 336 551 342 550 342 544 342 468 337 467 337 428 341 424 341 423 341 409 336 408 336 407 336 389 339 380 332 379 332 378 332 376 332 305 335 304 335 303 335 296 340 292 340 243 331 242 331 205 339 202 339 197 339 136 331 135 331 134 331 118 338 117 338 61 338 61 363"/></Shape>
	    <String CONTENT="tant par viues raiſons, que par exemples entre la"
                    HPOS="60.0"
                    VPOS="331.0"
                    WIDTH="821.0"
                    HEIGHT="56.0"
                    WC="0.9869112968444824"></String>
          </TextLine>
          <TextLine ID="eSc_line_124bb4e5"
                    TAGREFS="LT8"
                    BASELINE="63 414 878 418" 
                    HPOS="62.0"
                    VPOS="380.0"
                    WIDTH="816.0"
                    HEIGHT="55.0">
            <Shape><Polygon POINTS="63 414 62 430 104 425 125 430 126 430 127 430 128 430 140 424 210 430 233 432 234 432 247 430 283 424 337 424 349 429 353 431 354 431 355 431 356 431 357 431 359 429 365 425 435 424 477 426 480 428 487 434 488 434 489 434 490 435 530 435 530 434 531 434 545 428 552 425 559 428 574 434 575 434 576 434 877 425 878 418 878 390 864 383 863 383 862 383 831 389 792 383 791 383 790 383 789 383 781 389 780 389 720 384 719 384 718 384 704 389 702 389 700 389 671 382 670 382 615 383 614 383 613 383 607 388 606 388 572 382 571 382 544 388 541 388 537 388 500 382 499 382 498 382 485 387 485 388 394 388 392 387 378 381 376 381 375 381 346 386 342 387 339 386 322 381 321 381 320 381 289 386 281 387 227 387 224 386 216 380 215 380 214 380 213 380 212 380 211 380 202 385 200 387 167 387 164 385 156 380 155 380 154 380 153 380 152 380 134 385 129 386 124 385 105 380 104 380 103 380 63 384 63 414"/></Shape>
	    <String CONTENT="plus ſaine partie de ceux qui ſ’appellent catholi¬"
                    HPOS="62.0"
                    VPOS="380.0"
                    WIDTH="816.0"
                    HEIGHT="55.0"
                    WC="0.995750468969345"></String>
          </TextLine>
          <TextLine ID="eSc_line_ca3b934d"
                    TAGREFS="LT8"
                    BASELINE="65 461 884 467" 
                    HPOS="62.0"
                    VPOS="422.0"
                    WIDTH="821.0"
                    HEIGHT="56.0">
            <Shape><Polygon POINTS="63 460 62 478 882 478 883 437 725 427 721 427 712 437 680 437 658 425 652 425 639 434 555 425 546 436 500 436 474 424 395 431 356 424 342 433 283 424 194 431 185 422 181 422 63 430 63 460"/></Shape>
	    <String CONTENT="ques Romains, que le Concile vniuerſel eſt par"
                    HPOS="62.0"
                    VPOS="422.0"
                    WIDTH="821.0"
                    HEIGHT="56.0"
                    WC="0.9981527989325316"></String>
          </TextLine>
          <TextLine ID="eSc_line_bc8a68bb"
                    TAGREFS="LT8"
                    BASELINE="64 508 765 513 881 511" 
                    HPOS="62.0"
                    VPOS="468.0"
                    WIDTH="818.0"
                    HEIGHT="67.0">
            <Shape><Polygon POINTS="63 507 62 519 146 530 190 522 200 532 205 533 278 533 290 522 345 522 371 533 426 524 474 533 527 524 663 524 674 535 680 535 699 525 760 525 775 535 879 527 880 510 876 472 759 481 750 472 710 480 699 472 690 472 669 481 657 472 629 480 602 471 593 481 480 481 418 471 392 480 375 469 369 469 351 478 324 471 316 480 209 480 199 469 158 475 97 468 63 477 63 507"/></Shape>
	    <String CONTENT="deſſus le pape, iuſqu’à le pouuoir depoſer, pour"
                    HPOS="62.0"
                    VPOS="468.0"
                    WIDTH="818.0"
                    HEIGHT="67.0"
                    WC="0.9985258080521409"></String>
          </TextLine>
          <TextLine ID="eSc_line_fcc4ed0d"
                    TAGREFS="LT8"
                    BASELINE="65 557 887 563" 
                    HPOS="64.0"
                    VPOS="520.0"
                    WIDTH="823.0"
                    HEIGHT="56.0">
            <Shape><Polygon POINTS="65 557 64 566 116 572 117 572 183 568 197 567 209 568 255 573 256 573 405 570 457 569 474 570 516 575 517 575 544 571 554 570 588 572 671 576 672 576 886 574 887 563 885 535 807 536 801 533 788 526 787 526 786 526 729 532 723 532 722 532 713 525 712 525 711 525 663 525 662 525 661 525 650 529 639 535 627 529 614 524 613 524 612 524 588 528 565 534 545 528 531 524 530 524 500 524 499 524 498 524 497 524 494 527 486 534 372 534 358 525 356 523 355 523 354 523 353 523 352 523 348 524 329 532 317 526 316 526 315 526 314 526 313 526 304 532 118 532 65 520 65 557"/></Shape>
	    <String CONTENT="le moins en cas de crime d’hereſie: Il ſ&#x27;enſuit que"
                    HPOS="64.0"
                    VPOS="520.0"
                    WIDTH="823.0"
                    HEIGHT="56.0"
                    WC="0.9879143167944515"></String>
          </TextLine>
          <TextLine ID="eSc_line_56444d12"
                    TAGREFS="LT8"
                    BASELINE="64 605 889 612" 
                    HPOS="64.0"
                    VPOS="569.0"
                    WIDTH="825.0"
                    HEIGHT="61.0">
            <Shape><Polygon POINTS="64 605 64 620 283 618 289 622 294 625 295 625 296 625 351 626 352 626 353 626 361 622 367 619 488 622 550 624 551 624 558 623 573 620 588 623 614 628 615 628 666 623 693 621 698 623 706 628 707 628 755 629 756 630 789 630 789 629 790 629 803 624 808 622 815 624 828 628 829 628 831 628 832 628 843 624 850 622 859 624 873 628 874 628 875 628 876 628 888 624 889 612 889 581 867 574 866 574 865 574 864 574 851 580 844 583 764 579 741 578 740 578 735 578 710 582 695 578 677 573 676 573 675 573 674 573 666 577 656 583 623 583 606 577 592 572 591 572 546 572 545 572 544 572 533 575 514 581 489 575 476 572 475 572 474 572 464 574 442 580 430 574 424 571 423 571 381 571 380 571 379 571 378 571 374 573 367 578 349 573 339 570 338 570 337 570 336 570 327 572 303 579 271 573 270 573 202 579 170 570 166 569 165 569 164 569 155 570 99 578 86 569 85 569 84 569 64 569 64 605"/></Shape>
	    <String CONTENT="les Rois ont plus d’authorité que les papes, &amp;"
                    HPOS="64.0"
                    VPOS="569.0"
                    WIDTH="825.0"
                    HEIGHT="61.0"
                    WC="0.9971594265166749"></String>
          </TextLine>
          <TextLine ID="eSc_line_76ee545b"
                    TAGREFS="LT8"
                    BASELINE="67 653 890 658" 
                    HPOS="67.0"
                    VPOS="619.0"
                    WIDTH="823.0"
                    HEIGHT="56.0">
            <Shape><Polygon POINTS="67 653 67 670 282 666 309 670 328 672 329 672 349 669 383 665 420 669 431 670 432 670 453 669 501 666 518 669 544 673 545 673 546 673 557 669 559 668 561 669 575 674 576 674 577 674 641 668 658 667 660 668 667 674 668 674 669 674 670 675 702 675 702 674 703 674 721 668 724 667 726 668 735 674 736 674 737 674 738 674 739 674 758 668 759 668 761 668 822 675 823 675 824 675 842 668 856 675 857 675 858 675 889 667 890 658 890 633 712 627 711 627 710 627 701 631 687 622 686 622 685 622 645 622 644 622 643 622 624 630 621 631 611 630 572 626 571 626 493 629 464 630 459 629 432 621 431 621 430 621 394 628 388 630 343 630 336 628 304 620 280 620 279 620 278 620 265 627 263 628 260 627 232 619 231 619 230 619 183 627 172 628 165 626 141 619 140 619 139 619 67 625 67 653"/></Shape>
	    <String CONTENT="qu’hereſie eſt moindre crime que Tyrannie, ou"
                    HPOS="67.0"
                    VPOS="619.0"
                    WIDTH="823.0"
                    HEIGHT="56.0"
                    WC="0.9898103462325202"></String>
          </TextLine>
          <TextLine ID="eSc_line_108e0a6a"
                    TAGREFS="LT8"
                    BASELINE="68 701 890 707" 
                    HPOS="67.0"
                    VPOS="666.0"
                    WIDTH="823.0"
                    HEIGHT="57.0">
            <Shape><Polygon POINTS="68 701 67 712 77 719 78 719 79 719 80 719 176 712 204 720 205 720 206 721 279 721 279 720 280 720 296 712 297 712 298 712 313 717 314 717 315 717 338 714 345 720 346 720 347 720 348 720 349 720 364 713 404 713 465 713 468 714 497 722 498 722 499 722 500 722 530 714 557 714 615 714 620 715 657 723 658 723 731 716 772 723 773 723 889 716 890 707 889 678 839 671 838 671 805 677 791 680 783 677 768 671 767 671 714 670 713 670 712 670 711 670 700 677 695 680 649 680 645 677 637 670 636 670 635 670 620 670 619 670 588 676 579 679 481 679 437 678 434 676 424 668 423 668 422 668 405 668 404 668 366 676 357 677 348 676 300 667 299 667 257 669 256 669 242 675 240 676 231 675 163 666 141 666 140 666 139 666 138 666 125 675 123 675 68 675 68 701"/></Shape>
	    <String CONTENT="que les peuples ont bien autant de puiſſance ſur"
                    HPOS="67.0"
                    VPOS="666.0"
                    WIDTH="823.0"
                    HEIGHT="57.0"
                    WC="0.9843999966979027"></String>
          </TextLine>
          <TextLine ID="eSc_line_ae576e19"
                    TAGREFS="LT8"
                    BASELINE="68 748 889 753" 
                    HPOS="67.0"
                    VPOS="713.0"
                    WIDTH="822.0"
                    HEIGHT="57.0">
            <Shape><Polygon POINTS="67 758 143 766 144 766 228 762 239 767 240 767 241 767 242 767 243 767 251 762 291 767 292 767 325 761 326 761 343 761 395 761 417 768 418 768 419 768 494 762 502 768 503 768 504 768 505 768 550 764 566 769 567 769 568 769 604 763 710 769 711 769 712 769 724 763 752 769 753 769 793 764 867 770 868 770 869 770 888 763 889 753 887 724 790 726 782 722 776 719 775 719 739 718 738 718 737 718 736 718 731 721 726 725 720 721 711 717 710 717 709 717 684 721 670 723 666 721 662 717 661 717 660 717 613 717 612 717 611 717 605 720 594 725 358 724 321 716 313 715 312 715 311 715 309 716 294 723 279 716 278 715 277 715 276 715 275 715 273 715 260 719 239 715 232 714 231 714 230 714 227 715 211 721 171 714 168 714 167 714 166 714 165 714 156 720 114 717 113 717 112 717 94 722 69 713 68 748 67 758"/></Shape>
	    <String CONTENT="leurs Rois deuenus tyrãs qu’vn Cõcile ſur vn pa"
                    HPOS="67.0"
                    VPOS="713.0"
                    WIDTH="822.0"
                    HEIGHT="57.0"
                    WC="0.9960950649514491"></String>
          </TextLine>
          <TextLine ID="eSc_line_4a3b7349"
                    TAGREFS="LT8"
                    BASELINE="70 796 891 802" 
                    HPOS="70.0"
                    VPOS="761.0"
                    WIDTH="821.0"
                    HEIGHT="57.0">
            <Shape><Polygon POINTS="891 802 891 776 865 767 864 767 863 767 781 775 762 776 716 776 712 773 700 766 699 766 698 766 697 766 696 766 674 772 672 773 671 772 663 766 662 766 661 766 638 766 637 766 636 766 625 772 618 775 578 771 545 767 544 767 524 770 495 774 481 769 469 764 468 764 467 764 403 767 381 768 368 767 343 763 342 763 341 763 335 766 321 773 256 773 242 766 241 766 240 766 239 766 213 772 191 765 190 765 189 765 146 771 134 762 133 762 132 762 131 762 129 762 94 768 71 761 70 796 70 812 164 805 174 811 175 811 176 811 177 811 178 811 193 806 238 812 256 814 257 814 283 812 341 806 474 808 478 811 486 816 487 816 488 816 489 816 490 816 502 811 504 810 511 811 545 816 546 816 547 816 560 811 562 810 566 811 585 814 586 814 611 810 622 809 624 810 630 814 631 814 632 814 756 818 757 818 758 818 759 818 770 811 866 816 867 816 868 816 890 809 891 802"/></Shape>
	    <String CONTENT="pe heretique. Voila donc mon aduis quant à la"
                    HPOS="70.0"
                    VPOS="761.0"
                    WIDTH="821.0"
                    HEIGHT="57.0"
                    WC="0.9770137862018917"></String>
          </TextLine>
          <TextLine ID="eSc_line_4afeada5"
                    TAGREFS="LT8"
                    BASELINE="69 843 888 851" 
                    HPOS="68.0"
                    VPOS="808.0"
                    WIDTH="820.0"
                    HEIGHT="59.0">
            <Shape><Polygon POINTS="69 843 68 857 74 862 76 862 77 862 78 863 130 863 130 862 131 862 149 855 154 854 170 855 247 863 248 863 249 863 266 856 268 855 270 856 282 864 283 864 284 864 285 864 286 864 306 857 344 864 345 864 346 864 347 864 358 857 376 857 383 857 384 857 394 863 395 863 396 863 397 863 448 858 492 866 493 867 539 867 539 866 540 866 552 860 582 867 583 867 584 867 605 859 626 867 627 867 628 867 629 867 654 859 655 859 656 859 683 864 684 864 887 860 888 851 886 822 862 824 854 821 837 815 836 815 835 815 834 815 816 821 807 824 706 824 695 820 678 816 677 816 676 816 675 816 663 820 656 822 520 822 516 819 506 815 505 815 504 815 503 815 488 819 480 821 471 819 441 811 440 811 439 811 438 811 408 819 402 820 398 819 376 810 375 810 374 810 304 817 289 810 288 810 171 808 138 808 137 808 136 808 135 808 123 817 122 817 69 817 69 843"/></Shape>
	    <String CONTENT="queſtiõ ſuſditte, du droit que peuuent auoir les"
                    HPOS="68.0"
                    VPOS="808.0"
                    WIDTH="820.0"
                    HEIGHT="59.0"
                    WC="0.998766613249876"></String>
          </TextLine>
          <TextLine ID="eSc_line_c38e8cb3"
                    TAGREFS="LT8"
                    BASELINE="68 891 893 898" 
                    HPOS="67.0"
                    VPOS="855.0"
                    WIDTH="826.0"
                    HEIGHT="62.0">
            <Shape><Polygon POINTS="67 901 253 912 254 912 297 905 308 913 309 913 310 913 311 913 388 907 422 914 423 915 468 915 468 914 469 914 483 907 502 914 503 914 504 914 505 914 532 906 541 914 541 915 542 915 543 915 544 915 590 908 606 915 607 915 608 915 609 915 635 907 698 914 699 914 735 908 743 915 744 915 745 915 746 915 804 909 852 917 853 917 854 917 855 917 865 909 892 909 893 898 892 872 845 865 844 865 843 865 826 870 822 871 724 871 708 868 659 860 589 860 588 860 587 860 586 860 579 865 573 869 513 869 504 864 495 859 494 859 471 859 470 859 469 859 461 863 450 868 400 868 391 861 390 860 389 860 388 860 387 860 380 861 358 866 336 860 327 858 326 858 325 858 307 860 265 864 254 859 250 857 249 857 248 857 229 858 135 865 121 856 120 856 119 856 118 856 117 856 91 864 69 855 68 891 67 901"/></Shape>
	    <String CONTENT="ſubiets de quelque qualité qu’ils ſoient, contre"
                    HPOS="67.0"
                    VPOS="855.0"
                    WIDTH="826.0"
                    HEIGHT="62.0"
                    WC="0.9775576165744236"></String>
          </TextLine>
          <TextLine ID="eSc_line_4c227aa7"
                    TAGREFS="LT8"
                    BASELINE="69 939 889 946" 
                    HPOS="68.0"
                    VPOS="901.0"
                    WIDTH="821.0"
                    HEIGHT="60.0">
            <Shape><Polygon POINTS="69 939 68 948 91 955 92 955 93 955 158 950 188 956 189 956 268 951 276 951 277 951 284 956 285 956 286 956 287 956 326 952 328 952 330 952 355 957 356 957 398 953 409 952 411 953 419 958 420 958 421 958 422 958 574 955 654 954 681 957 711 960 712 960 713 960 714 960 717 957 721 955 770 955 777 958 783 961 784 961 785 961 888 959 889 946 888 921 806 920 805 919 794 909 793 909 792 909 770 907 672 907 671 907 670 907 657 915 650 919 539 919 517 912 497 905 496 905 447 905 446 905 445 905 436 909 424 915 386 914 378 908 372 904 371 904 370 904 369 904 368 904 360 907 347 914 336 908 335 908 334 908 306 914 296 906 295 906 294 906 293 906 292 906 273 916 189 916 175 903 174 902 173 902 172 902 171 902 165 903 107 914 92 902 91 902 90 902 69 901 69 939"/></Shape>
	    <String CONTENT="leur ſouuerain eſtant deuenu manifeſte Tyran."
                    HPOS="68.0"
                    VPOS="901.0"
                    WIDTH="821.0"
                    HEIGHT="60.0"
                    WC="0.9965368337101407"></String>
          </TextLine>
          <TextLine ID="eSc_line_5e796b2c"
                    TAGREFS="LT8"
                    BASELINE="71 986 889 994" 
                    HPOS="70.0"
                    VPOS="952.0"
                    WIDTH="819.0"
                    HEIGHT="54.0">
            <Shape><Polygon POINTS="71 986 70 1001 887 1006 889 994 887 965 788 967 777 963 767 959 766 959 765 959 749 962 733 967 677 967 666 961 656 956 655 956 539 955 538 955 507 958 476 962 449 959 448 959 447 959 446 959 439 964 381 957 380 957 315 963 271 963 256 954 253 953 252 953 251 953 250 953 246 954 222 962 194 953 189 952 188 952 187 952 178 953 134 961 115 952 114 952 113 952 71 952 71 986"/></Shape>
	    <String CONTENT="Mais il reſte encores vne difficulté non petite en"
                    HPOS="70.0"
                    VPOS="952.0"
                    WIDTH="819.0"
                    HEIGHT="54.0"
                    WC="0.9961150124961254"></String>
          </TextLine>
          <TextLine ID="eSc_line_4608cb62"
                    TAGREFS="LT8"
                    BASELINE="71 1035 886 1040" 
                    HPOS="70.0"
                    VPOS="999.0"
                    WIDTH="816.0"
                    HEIGHT="56.0">
            <Shape><Polygon POINTS="71 1035 70 1044 91 1051 92 1051 93 1052 149 1052 149 1051 151 1051 152 1051 160 1046 192 1051 193 1051 194 1051 203 1046 209 1051 210 1051 211 1051 271 1052 272 1052 360 1048 388 1047 402 1048 436 1053 437 1053 495 1050 525 1048 540 1050 562 1054 563 1055 885 1055 886 1040 885 1015 832 1004 745 1004 744 1004 743 1004 720 1011 713 1013 697 1011 669 1007 668 1007 652 1010 637 1013 624 1009 613 1006 612 1006 611 1006 610 1006 600 1009 589 1013 577 1008 561 1002 560 1002 559 1002 533 1008 520 1010 512 1007 503 1004 502 1004 501 1004 500 1004 494 1007 488 1010 481 1007 471 1002 470 1002 469 1002 468 1002 460 1006 448 1012 389 1006 388 1006 387 1006 372 1011 363 1004 359 1001 358 1001 357 1001 356 1001 355 1001 345 1004 321 1011 152 1011 134 1000 133 1000 132 1000 71 999 71 1035"/></Shape>
	    <String CONTENT="ceſte matiere. Car on demãde ce qui eſt de faire"
                    HPOS="70.0"
                    VPOS="999.0"
                    WIDTH="816.0"
                    HEIGHT="56.0"
                    WC="0.9925186305629964"></String>
          </TextLine>
          <TextLine ID="eSc_line_8366ecba"
                    TAGREFS="LT8"
                    BASELINE="72 1084 864 1090 885 1095" 
                    HPOS="69.0"
                    VPOS="1044.0"
                    WIDTH="814.0"
                    HEIGHT="58.0">
            <Shape><Polygon POINTS="71 1083 69 1100 880 1102 883 1094 883 1054 850 1048 838 1059 734 1059 715 1048 655 1056 626 1047 614 1057 521 1057 512 1047 451 1054 426 1045 419 1045 407 1054 378 1045 372 1045 359 1054 348 1047 302 1054 234 1044 193 1053 184 1044 179 1044 71 1051 71 1083"/></Shape>
	    <String CONTENT="quãd la Tyrannie ſ’eſt tellement fortifiee, que le"
                    HPOS="69.0"
                    VPOS="1044.0"
                    WIDTH="814.0"
                    HEIGHT="58.0"
                    WC="0.9851140707146888"></String>
          </TextLine>
          <TextLine ID="eSc_line_1e5264a1"
                    TAGREFS="LT8"
                    BASELINE="72 1131 889 1138" 
                    HPOS="69.0"
                    VPOS="1091.0"
                    WIDTH="819.0"
                    HEIGHT="61.0">
            <Shape><Polygon POINTS="71 1130 69 1146 76 1150 258 1144 272 1152 887 1147 888 1095 818 1095 809 1105 635 1105 625 1094 619 1094 587 1105 541 1105 529 1094 464 1102 451 1092 445 1092 406 1102 339 1092 208 1100 199 1091 193 1091 161 1100 71 1100 71 1130"/></Shape>
	    <String CONTENT="remede des Eſtats eſt comme du tout empeſché"
                    HPOS="69.0"
                    VPOS="1091.0"
                    WIDTH="819.0"
                    HEIGHT="61.0"
                    WC="0.9934484243392945"></String>
          </TextLine>
          <TextLine ID="eSc_line_7474dcdf"
                    TAGREFS="LT8"
                    BASELINE="73 1180 887 1180" 
                    HPOS="71.0"
                    VPOS="1144.0"
                    WIDTH="814.0"
                    HEIGHT="58.0">
            <Shape><Polygon POINTS="71 1179 73 1202 98 1194 883 1202 885 1144 812 1144 803 1153 724 1144 715 1155 608 1155 573 1144 538 1153 515 1144 479 1153 447 1146 438 1155 368 1155 360 1146 310 1153 266 1144 174 1153 162 1144 79 1144 71 1150 71 1179"/></Shape>
	    <String CONTENT="par la conniuence, ou crainte, ou meſchanceté"
                    HPOS="71.0"
                    VPOS="1144.0"
                    WIDTH="814.0"
                    HEIGHT="58.0"
                    WC="0.9840431939000669"></String>
          </TextLine>
          <TextLine ID="eSc_line_555319d2"
                    TAGREFS="LT8"
                    BASELINE="73 1227 880 1234" 
                    HPOS="72.0"
                    VPOS="1192.0"
                    WIDTH="808.0"
                    HEIGHT="61.0">
            <Shape><Polygon POINTS="73 1227 72 1237 89 1243 90 1243 91 1243 147 1241 156 1247 157 1247 158 1247 189 1248 190 1248 191 1248 203 1242 265 1248 266 1248 267 1248 283 1240 285 1240 323 1247 324 1247 383 1242 405 1240 422 1242 468 1250 469 1250 470 1250 495 1244 507 1241 529 1244 571 1251 572 1251 607 1246 625 1243 633 1246 648 1252 649 1252 650 1252 651 1252 667 1247 681 1243 781 1243 791 1249 800 1253 801 1253 802 1253 879 1250 880 1234 879 1209 842 1209 841 1208 821 1198 820 1198 793 1198 792 1198 791 1198 768 1207 767 1207 758 1200 757 1200 756 1200 721 1197 720 1197 719 1197 718 1197 707 1206 704 1208 660 1208 644 1205 620 1201 619 1201 618 1201 608 1204 601 1206 594 1204 574 1197 573 1197 572 1197 571 1197 552 1203 551 1203 547 1203 487 1199 486 1199 471 1202 456 1205 443 1201 419 1194 418 1194 417 1194 416 1194 415 1194 404 1201 399 1204 388 1201 379 1198 378 1198 376 1198 352 1200 319 1203 309 1199 299 1196 298 1196 297 1196 296 1196 285 1199 270 1203 260 1199 248 1193 247 1193 246 1193 245 1193 229 1198 219 1201 215 1198 209 1193 208 1193 207 1193 184 1192 183 1192 182 1192 181 1192 173 1197 165 1202 153 1197 141 1192 140 1192 139 1192 73 1195 73 1227"/></Shape>
	    <String CONTENT="de la pluſ-part, ou des principaux. Ie reſpon"
                    HPOS="72.0"
                    VPOS="1192.0"
                    WIDTH="808.0"
                    HEIGHT="61.0"
                    WC="0.9998606986469692"></String>
          </TextLine>
          <TextLine ID="eSc_line_24107e28"
                    TAGREFS="LT8"
                    BASELINE="77 1275 891 1280" 
                    HPOS="76.0"
                    VPOS="1244.0"
                    WIDTH="815.0"
                    HEIGHT="53.0">
            <Shape><Polygon POINTS="76 1292 127 1293 128 1293 129 1293 130 1292 141 1286 215 1292 240 1294 241 1294 242 1294 247 1292 260 1288 314 1292 340 1294 341 1294 342 1294 346 1292 359 1287 405 1292 433 1295 434 1296 479 1296 479 1295 480 1295 481 1295 484 1292 488 1288 503 1292 515 1295 516 1295 535 1292 557 1288 567 1292 576 1296 577 1296 578 1296 579 1296 590 1292 597 1289 605 1292 614 1296 615 1296 616 1296 617 1296 627 1292 634 1289 693 1292 793 1297 794 1297 819 1292 828 1290 836 1292 852 1297 853 1297 854 1297 890 1292 891 1280 890 1256 863 1250 862 1250 823 1255 817 1255 816 1255 805 1247 804 1247 803 1247 770 1247 769 1247 768 1247 748 1253 743 1255 740 1253 729 1246 728 1246 727 1246 703 1246 702 1246 701 1246 700 1246 691 1253 688 1255 594 1255 587 1251 579 1247 578 1247 577 1247 554 1251 549 1251 543 1250 502 1245 501 1245 451 1249 406 1253 393 1248 381 1244 380 1244 290 1244 289 1244 275 1247 249 1252 210 1247 209 1247 164 1251 149 1245 148 1245 147 1245 146 1245 126 1251 103 1246 102 1246 101 1246 86 1250 79 1244 77 1275 76 1292"/></Shape>
	    <String CONTENT="quãt aux particuliers, ſ’ils ne ſont authoriſez ou"
                    HPOS="76.0"
                    VPOS="1244.0"
                    WIDTH="815.0"
                    HEIGHT="53.0"
                    WC="0.9963903357000912"></String>
          </TextLine>
          <TextLine ID="eSc_line_655a9019"
                    TAGREFS="LT8"
                    BASELINE="76 1324 895 1328" 
                    HPOS="74.0"
                    VPOS="1288.0"
                    WIDTH="821.0"
                    HEIGHT="58.0">
            <Shape><Polygon POINTS="74 1341 145 1335 153 1340 154 1340 155 1340 156 1340 186 1336 224 1343 228 1343 229 1343 230 1343 231 1343 241 1335 279 1335 305 1343 306 1343 307 1343 308 1343 310 1343 345 1336 371 1343 374 1344 375 1344 376 1345 376 1344 378 1344 381 1343 407 1336 428 1341 429 1341 430 1341 503 1338 515 1344 519 1345 520 1345 521 1345 531 1344 566 1337 578 1344 581 1345 582 1345 583 1345 597 1344 651 1338 685 1338 696 1344 700 1346 701 1346 702 1346 726 1344 792 1338 818 1344 827 1346 828 1346 829 1346 834 1344 847 1339 893 1344 895 1328 893 1301 857 1302 853 1300 842 1293 841 1293 840 1293 808 1293 807 1293 806 1293 790 1299 785 1301 780 1299 770 1294 769 1294 730 1293 729 1293 728 1293 714 1298 703 1302 697 1298 689 1292 688 1292 687 1292 670 1292 669 1292 668 1292 655 1297 644 1302 523 1302 429 1294 390 1290 389 1290 388 1290 387 1290 384 1293 371 1301 327 1301 281 1292 270 1289 269 1289 256 1290 196 1299 183 1289 182 1289 181 1289 180 1289 179 1289 178 1289 164 1295 152 1289 151 1289 149 1289 148 1289 147 1289 138 1297 130 1289 129 1289 128 1289 127 1289 96 1295 77 1288 76 1324 74 1341"/></Shape>
	    <String CONTENT="par Magiſtrats inferieurs, ou par la plus ſaine"
                    HPOS="74.0"
                    VPOS="1288.0"
                    WIDTH="821.0"
                    HEIGHT="58.0"
                    WC="0.9971258323243324"></String>
          </TextLine>
          <TextLine ID="eSc_line_d4a626b1"
                    TAGREFS="LT8"
                    BASELINE="77 1372 894 1378" 
                    HPOS="76.0"
                    VPOS="1338.0"
                    WIDTH="818.0"
                    HEIGHT="56.0">
            <Shape><Polygon POINTS="77 1372 76 1387 185 1383 277 1390 283 1390 284 1390 287 1390 342 1384 370 1391 373 1391 374 1392 417 1392 417 1391 418 1391 432 1385 442 1391 443 1391 444 1391 445 1391 446 1391 470 1385 482 1391 483 1391 529 1392 530 1392 538 1392 621 1386 892 1394 894 1378 892 1345 674 1349 654 1345 642 1342 641 1342 640 1342 634 1345 623 1349 590 1345 584 1344 583 1344 565 1345 494 1348 489 1345 484 1340 483 1340 482 1340 481 1340 480 1340 479 1340 472 1345 467 1348 398 1348 389 1345 374 1340 373 1340 372 1340 371 1340 357 1345 349 1347 338 1345 315 1339 257 1339 256 1339 231 1345 223 1346 217 1345 198 1338 197 1338 196 1338 195 1338 194 1338 186 1345 184 1345 77 1345 77 1372"/></Shape>
	    <String CONTENT="partie des Eſtats (comme nous dirons tantoſt)"
                    HPOS="76.0"
                    VPOS="1338.0"
                    WIDTH="818.0"
                    HEIGHT="56.0"
                    WC="0.9995295537842644"></String>
          </TextLine>
          <TextLine ID="eSc_line_dad61ccc"
                    TAGREFS="LT8"
                    BASELINE="79 1419 895 1425" 
                    HPOS="78.0"
                    VPOS="1389.0"
                    WIDTH="817.0"
                    HEIGHT="55.0">
            <Shape><Polygon POINTS="79 1419 78 1437 118 1438 119 1438 120 1438 121 1438 121 1437 130 1432 174 1437 185 1438 186 1438 187 1438 191 1437 214 1430 243 1437 249 1438 250 1438 251 1438 255 1437 272 1431 300 1437 309 1438 310 1438 361 1436 461 1433 473 1436 483 1439 484 1439 485 1439 499 1436 512 1433 516 1436 522 1441 523 1441 524 1441 525 1442 549 1442 549 1441 550 1441 551 1441 558 1436 563 1433 583 1433 595 1436 624 1442 625 1444 651 1444 651 1442 652 1442 664 1435 667 1434 676 1435 712 1441 713 1441 748 1435 750 1435 751 1435 774 1444 775 1444 776 1444 777 1444 796 1435 797 1435 799 1435 858 1444 859 1444 860 1444 861 1444 871 1435 894 1434 895 1425 894 1402 823 1401 823 1400 814 1394 813 1394 812 1394 811 1394 786 1399 739 1395 738 1395 737 1395 728 1399 726 1401 624 1401 566 1397 534 1395 533 1395 525 1396 509 1399 500 1396 487 1391 486 1391 485 1391 457 1395 434 1398 395 1394 370 1392 369 1392 368 1392 363 1394 351 1398 333 1393 321 1390 320 1390 319 1390 318 1390 317 1390 313 1393 307 1397 265 1392 244 1390 243 1390 242 1390 235 1392 215 1397 190 1392 189 1392 188 1392 174 1396 168 1391 166 1389 165 1389 164 1389 163 1389 79 1389 79 1419"/></Shape>
	    <String CONTENT="qu’ils n’ont autre remede que repentance &amp; pa¬"
                    HPOS="78.0"
                    VPOS="1389.0"
                    WIDTH="817.0"
                    HEIGHT="55.0"
                    WC="0.9902743373228156"></String>
          </TextLine>
          <TextLine ID="eSc_line_3be69133"
                    TAGREFS="LT8"
                    BASELINE="78 1467 899 1474" 
                    HPOS="77.0"
                    VPOS="1433.0"
                    WIDTH="822.0"
                    HEIGHT="58.0">
            <Shape><Polygon POINTS="78 1467 77 1476 163 1485 164 1485 165 1485 191 1478 231 1486 232 1486 302 1481 318 1487 319 1487 320 1487 427 1481 460 1488 461 1488 504 1481 547 1489 548 1489 549 1489 563 1482 592 1488 593 1488 594 1488 595 1488 606 1482 655 1487 656 1487 657 1487 674 1483 692 1490 693 1490 694 1490 731 1483 753 1490 755 1490 756 1490 757 1490 771 1483 807 1483 826 1491 827 1491 828 1491 898 1483 899 1474 898 1438 867 1438 866 1438 865 1438 864 1438 852 1448 836 1442 835 1442 834 1442 833 1442 820 1448 742 1441 741 1441 708 1446 698 1438 697 1438 696 1438 665 1436 664 1436 663 1436 657 1438 635 1446 596 1438 584 1436 583 1436 582 1436 581 1436 579 1438 568 1447 550 1447 535 1438 529 1435 527 1435 473 1435 472 1435 471 1435 470 1435 467 1438 459 1445 429 1438 426 1438 425 1438 424 1438 423 1438 414 1442 404 1438 393 1434 392 1434 391 1434 361 1438 329 1444 312 1438 294 1433 293 1433 292 1433 247 1438 213 1442 78 1439 78 1467"/></Shape>
	    <String CONTENT="tience auec les prieres, leſquelles Dieu ne meſ¬"
                    HPOS="77.0"
                    VPOS="1433.0"
                    WIDTH="822.0"
                    HEIGHT="58.0"
                    WC="0.9966601120928923"></String>
          </TextLine>
          <TextLine ID="eSc_line_48573fae"
                    TAGREFS="LT8"
                    BASELINE="79 1517 899 1520" 
                    HPOS="79.0"
                    VPOS="1483.0"
                    WIDTH="820.0"
                    HEIGHT="53.0">
            <Shape><Polygon POINTS="897 1495 793 1495 789 1493 781 1490 780 1490 779 1490 778 1490 771 1493 767 1495 688 1493 635 1491 634 1491 633 1491 629 1492 619 1495 614 1492 602 1484 601 1484 600 1484 580 1484 579 1484 578 1484 563 1491 555 1495 545 1491 525 1484 524 1484 488 1483 468 1483 467 1483 466 1483 451 1490 443 1494 433 1490 414 1483 413 1483 412 1483 378 1488 347 1483 346 1483 345 1483 344 1483 336 1489 329 1494 280 1493 274 1489 270 1485 269 1485 268 1485 267 1485 249 1488 220 1494 184 1488 155 1483 108 1483 107 1483 106 1483 99 1487 91 1491 80 1487 79 1517 79 1534 129 1529 202 1534 219 1535 220 1535 232 1534 277 1529 302 1534 309 1535 310 1535 319 1534 352 1529 418 1529 431 1534 435 1535 436 1535 437 1535 438 1535 443 1534 458 1529 483 1533 498 1536 499 1536 556 1533 607 1531 614 1533 623 1536 624 1536 625 1536 626 1536 633 1533 641 1530 663 1533 678 1535 680 1535 708 1533 734 1531 737 1533 741 1536 742 1536 743 1536 744 1536 898 1532 899 1520 897 1495"/></Shape>
	    <String CONTENT="priſera iamais, &amp; ſans leſquelles tout autre re¬"
                    HPOS="79.0"
                    VPOS="1483.0"
                    WIDTH="820.0"
                    HEIGHT="53.0"
                    WC="0.9891278247038523"></String>
          </TextLine>
          <TextLine ID="eSc_line_499520c5"
                    TAGREFS="LT8"
                    BASELINE="78 1564 899 1570" 
                    HPOS="77.0"
                    VPOS="1530.0"
                    WIDTH="822.0"
                    HEIGHT="58.0">
            <Shape><Polygon POINTS="78 1564 77 1576 81 1579 82 1579 83 1579 84 1579 165 1576 214 1584 215 1584 259 1577 269 1584 270 1584 271 1584 272 1584 351 1578 404 1585 405 1585 406 1585 424 1577 425 1577 460 1582 461 1582 462 1582 472 1578 488 1586 489 1586 490 1587 543 1587 543 1586 544 1586 545 1586 556 1578 557 1578 608 1579 627 1579 649 1587 650 1587 651 1587 652 1587 653 1587 665 1580 666 1579 667 1580 677 1584 678 1584 680 1584 681 1584 692 1580 696 1579 762 1579 766 1581 784 1586 785 1586 786 1586 787 1586 788 1586 795 1581 797 1580 800 1581 813 1587 814 1587 815 1587 816 1587 835 1582 841 1580 845 1582 856 1588 857 1588 858 1588 898 1582 899 1570 898 1546 808 1546 807 1545 794 1535 793 1535 792 1535 791 1535 752 1544 712 1534 711 1534 681 1534 680 1534 678 1534 649 1544 648 1544 647 1544 626 1533 625 1533 552 1533 551 1533 550 1533 549 1533 536 1543 535 1543 383 1543 381 1542 352 1531 351 1531 350 1531 349 1531 325 1541 304 1533 303 1533 302 1533 300 1533 281 1540 263 1531 262 1531 261 1531 260 1531 224 1541 221 1541 218 1541 172 1530 171 1530 78 1539 78 1564"/></Shape>
	    <String CONTENT="mede, quelque legitime qu’il ſoit, eſt en danger"
                    HPOS="77.0"
                    VPOS="1530.0"
                    WIDTH="822.0"
                    HEIGHT="58.0"
                    WC="0.9940351595481237"></String>
          </TextLine>
          <TextLine ID="eSc_line_88bbe5ba"
                    TAGREFS="LT8"
                    BASELINE="82 1612 901 1619" 
                    HPOS="81.0"
                    VPOS="1577.0"
                    WIDTH="820.0"
                    HEIGHT="53.0">
            <Shape><Polygon POINTS="82 1612 81 1621 105 1627 106 1627 197 1623 198 1623 199 1623 354 1629 355 1629 419 1625 422 1625 436 1630 437 1630 438 1630 900 1629 901 1619 900 1594 879 1594 878 1593 867 1584 866 1584 865 1584 864 1584 863 1584 840 1591 826 1584 825 1584 824 1584 823 1584 805 1592 801 1593 779 1591 746 1588 745 1588 715 1590 677 1592 673 1589 665 1582 664 1582 663 1582 662 1582 661 1582 637 1588 624 1592 565 1592 559 1586 553 1581 552 1581 551 1581 550 1581 523 1586 499 1591 436 1591 428 1584 424 1580 423 1580 422 1580 421 1580 401 1583 376 1587 369 1582 366 1580 365 1580 364 1580 363 1580 347 1582 326 1585 309 1581 297 1579 296 1579 295 1579 290 1581 283 1584 278 1581 278 1580 277 1580 276 1580 275 1580 274 1580 273 1580 262 1589 214 1589 175 1578 171 1578 82 1577 82 1612"/></Shape>
	    <String CONTENT="d’eſtre maudit de Dieu. Mais cela n’empeſche"
                    HPOS="81.0"
                    VPOS="1577.0"
                    WIDTH="820.0"
                    HEIGHT="53.0"
                    WC="0.998916589400985"></String>
          </TextLine>
          <TextLine ID="eSc_line_c045cad0"
                    TAGREFS="LT8"
                    BASELINE="85 1661 902 1666" 
                    HPOS="84.0"
                    VPOS="1628.0"
                    WIDTH="818.0"
                    HEIGHT="56.0">
            <Shape><Polygon POINTS="84 1679 115 1680 116 1680 117 1680 119 1679 132 1673 145 1679 147 1680 148 1680 149 1681 192 1681 192 1680 193 1680 196 1679 214 1673 262 1678 263 1678 343 1674 361 1679 363 1679 364 1679 365 1679 369 1679 392 1674 403 1679 411 1682 412 1682 413 1683 448 1683 448 1682 449 1682 460 1678 467 1676 494 1678 525 1681 526 1681 543 1678 561 1675 614 1678 696 1683 697 1683 698 1683 699 1683 706 1678 709 1676 735 1676 751 1678 804 1684 805 1684 849 1677 853 1677 856 1677 882 1684 883 1684 884 1684 885 1684 901 1677 902 1666 902 1641 837 1636 836 1636 808 1639 793 1641 789 1639 780 1632 779 1632 778 1632 740 1631 739 1631 687 1638 666 1641 607 1641 601 1637 598 1634 597 1634 596 1634 595 1634 594 1634 587 1636 577 1640 572 1636 564 1630 563 1630 562 1630 538 1630 537 1630 536 1630 524 1636 517 1640 413 1640 383 1634 356 1629 322 1629 321 1629 320 1629 310 1633 295 1638 288 1632 287 1632 286 1632 285 1632 280 1632 256 1636 246 1632 237 1628 236 1628 235 1628 211 1631 181 1636 133 1630 118 1629 117 1629 116 1629 115 1629 114 1630 104 1637 86 1630 85 1661 84 1679"/></Shape>
	    <String CONTENT="pas que les meſmes particuliers ne puiſsẽt auoir"
                    HPOS="84.0"
                    VPOS="1628.0"
                    WIDTH="818.0"
                    HEIGHT="56.0"
                    WC="0.9912688002294424"></String>
          </TextLine>
          <TextLine ID="eSc_line_c8eab2fb"
                    TAGREFS="LT8"
                    BASELINE="85 1709 901 1714" 
                    HPOS="84.0"
                    VPOS="1675.0"
                    WIDTH="817.0"
                    HEIGHT="58.0">
            <Shape><Polygon POINTS="85 1709 84 1723 131 1728 132 1728 133 1728 134 1728 141 1724 144 1722 146 1724 158 1729 159 1729 160 1729 234 1724 238 1724 241 1724 290 1730 291 1730 292 1730 309 1724 312 1723 317 1724 336 1728 337 1728 338 1728 348 1724 350 1723 353 1724 367 1730 368 1730 412 1731 413 1731 414 1731 436 1724 437 1724 439 1724 459 1731 460 1731 461 1731 495 1725 513 1731 514 1731 515 1731 516 1731 517 1731 525 1725 526 1724 529 1725 547 1731 548 1731 549 1731 581 1725 582 1725 667 1725 668 1725 674 1730 675 1730 676 1730 677 1730 711 1725 713 1725 714 1725 736 1733 737 1733 738 1733 797 1726 872 1732 873 1732 874 1732 900 1725 901 1714 900 1688 853 1688 853 1687 836 1679 835 1679 811 1679 810 1679 809 1679 808 1679 798 1686 749 1679 748 1679 747 1679 746 1679 736 1687 732 1687 638 1687 637 1686 627 1678 626 1678 625 1678 574 1677 573 1677 476 1685 472 1685 471 1685 461 1677 460 1677 459 1677 435 1677 434 1677 433 1677 413 1685 411 1685 409 1685 376 1676 375 1676 374 1676 344 1677 343 1677 342 1677 332 1684 331 1685 277 1685 275 1684 249 1675 248 1675 227 1675 225 1675 224 1675 223 1675 211 1683 191 1677 190 1677 189 1677 188 1677 170 1683 169 1683 166 1683 105 1678 104 1678 85 1682 85 1709"/></Shape>
	    <String CONTENT="recours à leurs Magiſtrats ſubalternes, les ſom¬"
                    HPOS="84.0"
                    VPOS="1675.0"
                    WIDTH="817.0"
                    HEIGHT="58.0"
                    WC="0.9931095534441422"></String>
          </TextLine>
        </TextBlock>
        <TextBlock HPOS="687.0"
                   VPOS="1729.0"
                   WIDTH="29.0"
                   HEIGHT="42.0"
                   ID="eSc_textblock_fa199515"
                   TAGREFS="BT17">
          <Shape><Polygon POINTS="687 1729 687 1771 716 1771 716 1729"/></Shape>
          <TextLine ID="eSc_line_888208c8"
                    TAGREFS="LT8"
                    BASELINE="699 1763 706 1763" 
                    HPOS="699.0"
                    VPOS="1725.0"
                    WIDTH="7.0"
                    HEIGHT="72.0">
            <Shape><Polygon POINTS="699 1763 699 1797 706 1797 706 1763 704 1725 699 1726 699 1763"/></Shape>
	    <String CONTENT="I"
                    HPOS="699.0"
                    VPOS="1725.0"
                    WIDTH="7.0"
                    HEIGHT="72.0"
                    WC="0.9990228414535522"></String>
          </TextLine>
        </TextBlock>
        <TextBlock HPOS="890.0"
                   VPOS="284.0"
                   WIDTH="180.0"
                   HEIGHT="243.0"
                   ID="eSc_textblock_35fa5953"
                   TAGREFS="BT2584">
          <Shape><Polygon POINTS="895 284 890 521 1070 527 1070 284"/></Shape>
          <TextLine ID="eSc_line_13e603d1"
                    TAGREFS="LT8"
                    BASELINE="895 314 1064 310" 
                    HPOS="894.0"
                    VPOS="278.0"
                    WIDTH="170.0"
                    HEIGHT="48.0">
            <Shape><Polygon POINTS="1046 283 1038 279 1033 279 1026 279 1016 279 1006 279 996 279 988 279 978 281 967 284 951 284 949 281 946 279 945 279 935 279 925 279 915 279 914 278 894 280 895 314 895 320 924 320 926 321 933 326 934 326 935 326 936 326 937 326 952 321 958 319 966 321 979 324 980 324 982 324 1064 321 1064 310 1055 291 1046 283"/></Shape>
	    <String CONTENT="Si le Cõcile"
                    HPOS="894.0"
                    VPOS="278.0"
                    WIDTH="170.0"
                    HEIGHT="48.0"
                    WC="0.9897473408625677"></String>
          </TextLine>
          <TextLine ID="eSc_line_789230c9"
                    TAGREFS="LT8"
                    BASELINE="891 351 1065 349" 
                    HPOS="890.0"
                    VPOS="317.0"
                    WIDTH="175.0"
                    HEIGHT="49.0">
            <Shape><Polygon POINTS="891 351 891 359 975 366 976 366 991 363 1012 358 1063 365 1065 349 1062 317 1034 323 1020 319 1016 318 1015 318 1014 318 1013 318 1012 318 1012 319 1011 320 1004 325 989 321 985 320 984 320 983 320 982 320 980 320 979 321 972 326 949 323 916 319 915 319 914 319 890 325 891 351"/></Shape>
	    <String CONTENT="eſt par deſ¬"
                    HPOS="890.0"
                    VPOS="317.0"
                    WIDTH="175.0"
                    HEIGHT="49.0"
                    WC="0.9998329430818558"></String>
          </TextLine>
          <TextLine ID="eSc_line_51a7490b"
                    TAGREFS="LT8"
                    BASELINE="888 390 1062 392" 
                    HPOS="887.0"
                    VPOS="359.0"
                    WIDTH="175.0"
                    HEIGHT="49.0">
            <Shape><Polygon POINTS="888 390 887 399 1060 408 1062 392 1062 367 1042 360 1041 360 1040 360 977 366 966 359 965 359 964 359 963 359 916 365 897 359 896 359 895 359 894 359 893 359 888 363 888 390"/></Shape>
	    <String CONTENT="ſus le pape,"
                    HPOS="887.0"
                    VPOS="359.0"
                    WIDTH="175.0"
                    HEIGHT="49.0"
                    WC="0.9992717852195104"></String>
          </TextLine>
          <TextLine ID="eSc_line_2d02c289"
                    TAGREFS="LT8"
                    BASELINE="887 424 1025 429" 
                    HPOS="886.0"
                    VPOS="393.0"
                    WIDTH="139.0"
                    HEIGHT="46.0">
            <Shape><Polygon POINTS="886 438 1023 439 1025 429 1025 407 943 395 942 395 929 397 903 402 889 393 887 424 886 438"/></Shape>
	    <String CONTENT="les Eſtats"
                    HPOS="886.0"
                    VPOS="393.0"
                    WIDTH="139.0"
                    HEIGHT="46.0"
                    WC="0.9998125672340393"></String>
          </TextLine>
          <TextLine ID="eSc_line_5b30bc61"
                    TAGREFS="LT8"
                    BASELINE="892 467 1066 468" 
                    HPOS="891.0"
                    VPOS="433.0"
                    WIDTH="174.0"
                    HEIGHT="53.0">
            <Shape><Polygon POINTS="891 466 891 486 1065 480 1065 466 1063 433 891 439 891 466"/></Shape>
	    <String CONTENT="ſont par deſ¬"
                    HPOS="891.0"
                    VPOS="433.0"
                    WIDTH="174.0"
                    HEIGHT="53.0"
                    WC="0.9944473000673147"></String>
          </TextLine>
          <TextLine ID="eSc_line_3884d0be"
                    TAGREFS="LT8"
                    BASELINE="895 511 1065 509" 
                    HPOS="893.0"
                    VPOS="471.0"
                    WIDTH="170.0"
                    HEIGHT="61.0">
            <Shape><Polygon POINTS="894 510 894 521 941 532 943 532 944 532 975 521 978 521 981 521 1002 530 1004 530 1005 530 1063 521 1063 507 1060 480 999 471 998 471 996 471 979 478 973 480 893 477 894 510"/></Shape>
	    <String CONTENT="ſus les Rois."
                    HPOS="893.0"
                    VPOS="471.0"
                    WIDTH="170.0"
                    HEIGHT="61.0"
                    WC="0.9759007417238675"></String>
          </TextLine>
        </TextBlock>
        <TextBlock HPOS="895.0"
                   VPOS="995.0"
                   WIDTH="180.0"
                   HEIGHT="279.0"
                   ID="eSc_textblock_028f34a3"
                   TAGREFS="BT2584">
          <Shape><Polygon POINTS="895 995 895 1274 1075 1274 1075 995"/></Shape>
          <TextLine ID="eSc_line_b13ce6a9"
                    TAGREFS="LT8"
                    BASELINE="898 1024 1070 1022" 
                    HPOS="897.0"
                    VPOS="989.0"
                    WIDTH="173.0"
                    HEIGHT="45.0">
            <Shape><Polygon POINTS="1060 992 1049 992 1039 991 1034 990 1006 994 973 998 897 989 898 1024 898 1034 1069 1032 1070 1022 1069 1007 1060 992"/></Shape>
	    <String CONTENT="Comme il ſe"
                    HPOS="897.0"
                    VPOS="989.0"
                    WIDTH="173.0"
                    HEIGHT="45.0"
                    WC="0.9696435223926197"></String>
          </TextLine>
          <TextLine ID="eSc_line_e408f913"
                    TAGREFS="LT8"
                    BASELINE="894 1062 1071 1062" 
                    HPOS="894.0"
                    VPOS="1032.0"
                    WIDTH="177.0"
                    HEIGHT="50.0">
            <Shape><Polygon POINTS="894 1062 894 1076 949 1074 951 1076 956 1080 956 1081 957 1081 958 1081 959 1082 986 1082 986 1081 987 1081 988 1081 996 1075 997 1075 1035 1079 1036 1079 1071 1073 1071 1062 1071 1041 1026 1032 1025 1032 1024 1032 1023 1032 1015 1038 1010 1040 982 1040 977 1036 974 1033 973 1033 972 1033 971 1033 970 1033 969 1033 969 1034 967 1035 962 1041 926 1041 918 1033 918 1032 917 1032 916 1032 894 1032 894 1062"/></Shape>
	    <String CONTENT="faut gouuer"
                    HPOS="894.0"
                    VPOS="1032.0"
                    WIDTH="177.0"
                    HEIGHT="50.0"
                    WC="0.999838184226643"></String>
          </TextLine>
          <TextLine ID="eSc_line_42ac470d"
                    TAGREFS="LT8"
                    BASELINE="902 1099 910 1101 1072 1102" 
                    HPOS="899.0"
                    VPOS="1073.0"
                    WIDTH="172.0"
                    HEIGHT="47.0">
            <Shape><Polygon POINTS="900 1098 899 1115 1068 1120 1071 1102 1068 1073 900 1074 900 1098"/></Shape>
	    <String CONTENT="ner contre"
                    HPOS="899.0"
                    VPOS="1073.0"
                    WIDTH="172.0"
                    HEIGHT="47.0"
                    WC="0.999026083946228"></String>
          </TextLine>
          <TextLine ID="eSc_line_92bd449f"
                    TAGREFS="LT8"
                    BASELINE="899 1138 1072 1140" 
                    HPOS="896.0"
                    VPOS="1105.0"
                    WIDTH="175.0"
                    HEIGHT="56.0">
            <Shape><Polygon POINTS="897 1136 896 1152 1068 1161 1071 1140 1071 1112 897 1105 897 1136"/></Shape>
	    <String CONTENT="la Tyrannie"
                    HPOS="896.0"
                    VPOS="1105.0"
                    WIDTH="175.0"
                    HEIGHT="56.0"
                    WC="0.999568066813729"></String>
          </TextLine>
          <TextLine ID="eSc_line_fcdffa8d"
                    TAGREFS="LT8"
                    BASELINE="899 1180 1066 1180" 
                    HPOS="897.0"
                    VPOS="1149.0"
                    WIDTH="168.0"
                    HEIGHT="45.0">
            <Shape><Polygon POINTS="897 1179 897 1194 1065 1194 1065 1179 1063 1149 897 1153 897 1179"/></Shape>
	    <String CONTENT="empeſchant"
                    HPOS="897.0"
                    VPOS="1149.0"
                    WIDTH="168.0"
                    HEIGHT="45.0"
                    WC="0.9997657239437103"></String>
          </TextLine>
          <TextLine ID="eSc_line_ff4a3e75"
                    TAGREFS="LT8"
                    BASELINE="896 1221 1057 1218" 
                    HPOS="895.0"
                    VPOS="1186.0"
                    WIDTH="162.0"
                    HEIGHT="50.0">
            <Shape><Polygon POINTS="896 1221 896 1236 1007 1229 1054 1233 1057 1218 1054 1194 1030 1194 1030 1193 1022 1187 1022 1186 1021 1186 1020 1186 1019 1186 988 1192 983 1193 979 1192 967 1187 966 1187 965 1187 964 1187 954 1192 950 1193 945 1191 935 1188 934 1188 933 1188 932 1188 931 1188 931 1189 928 1191 924 1195 895 1191 896 1221"/></Shape>
	    <String CONTENT="l&#x27;aſſemblee"
                    HPOS="895.0"
                    VPOS="1186.0"
                    WIDTH="162.0"
                    HEIGHT="50.0"
                    WC="0.9700679670680653"></String>
          </TextLine>
          <TextLine ID="eSc_line_8f2fcb95"
                    TAGREFS="LT8"
                    BASELINE="897 1260 1042 1260" 
                    HPOS="897.0"
                    VPOS="1227.0"
                    WIDTH="145.0"
                    HEIGHT="60.0">
            <Shape><Polygon POINTS="897 1260 897 1287 963 1287 963 1286 964 1286 974 1280 985 1275 1007 1278 1031 1281 1032 1281 1033 1281 1034 1281 1042 1276 1042 1260 1042 1236 1006 1235 997 1227 996 1227 995 1227 953 1227 952 1227 951 1227 950 1227 950 1228 942 1235 942 1236 925 1236 924 1235 909 1227 908 1227 907 1227 906 1227 904 1227 897 1232 897 1260"/></Shape>
	    <String CONTENT="des Eſtats."
                    HPOS="897.0"
                    VPOS="1227.0"
                    WIDTH="145.0"
                    HEIGHT="60.0"
                    WC="0.9510206580162048"></String>
          </TextLine>
        </TextBlock>
      </PrintSpace>
    </Page>
  </Layout>
</alto>
