1132 1824
668 145 63 45 66

276 187 825 56 mãs de leur deuoir, par leſquels eſtans emploiez

276 237 827 54 ou par la plus ſaine partie d’iceux, i’ai deſ-ia dit

275 286 827 54 ce qu’ils doiuent à Dieu & à leur patrie. Et quãt

275 332 825 55 aux Magiſtrats inferieurs, c’eſt à eux de ſe ioin¬

275 378 823 57 dre ẽſemble, & de preſſer l’aſſemblee des Eſtats

274 428 825 56 ſe conſeruans ce pendant autãt que faire ſe peut

278 479 821 49 & doit contre vne tyrannie manifeſte. Finale¬

276 524 822 52 ment c’eſt le deuoir de chacũ eſtat de pourchaſ¬

276 572 820 57 ſer la commune aſſemblee legitime, ſans que les

275 621 822 52 meſchans empeſchent les bons, les laſches re¬

276 671 819 54 tardent les diligens, ni la plus grande partie re¬

273 716 821 57 tienne la plus ſaine. Qui plus eſt, ie di que le de¬

274 768 821 48 uoir meſmes des particuliers eſt en telle neceſ¬

273 810 822 56 ſité de ſe ioindre aux Magiſtrats ſubalternes, fai¬

273 857 822 59 ſans leur deuoir, & qu’il eſt meſmes loiſible à la

275 910 818 53 plus ſaine partie, en vn beſoin de demander ai¬

273 950 819 55 de ailleurs, & notammẽt aux amis & aſſiez d’vn

272 1006 818 48 roiaume. Pour confirmation de ceci i’allegue¬

276 1054 815 56 rai quelques exemples bien approuuez. Voila

273 1095 817 55 deux Tributz entieres, aſſauoir de Ruben, & de

275 1141 812 62 Gad, & la demie de Manaſſé, contre leſquelles

277 1200 811 50 prennent les armes toutes les autres, eſtimans

277 1244 813 54 qu’elles ſe fuſſent deſtournees à Idolatrie, & tou

270 1293 819 54 teſ-fois pas vne Tribu n’auoit puiſſance ſur l’au¬

268 1341 820 54 tre, attendu que toutes les douze ne faiſoient

272 1393 814 52 qu’vn corps en commun. Il appert donc que la

269 1441 816 50 plus ſaine partie, ſans attendre vne commune

268 1483 809 58 aſſemblee de tous, quand elle ne ſe peut faire,

268 1535 817 53 peut renger l’autre à raiſon. Le ſemblable ſe voit

266 1581 816 57 en la guerre iuſtement entrepriſe par les vnze li¬

266 1634 815 48 gues cõtre celle de Beniamin, qui vouloit main¬

265 1676 814 59 tenir le fait execrable de ceux de Gibea. Qu’euſt

91 1067 175 51 La plusſaine

89 1109 178 52 partie en vn

88 1146 178 48 cas tout no¬

91 1188 175 47 toire a puiſ¬

88 1226 177 48 ſance de ren

93 1269 155 42 ger l’autre.

92 1304 138 49 Ioſ.22.12

87 1621 86 51 Iug.20
