1132 1824
436.0 120.0 49.0 59.0 67

49.0 170.0 818.0 65.0 ce donc eſté ſi les deux lignees & demie, ou cel¬

49.0 221.0 819.0 61.0 le de Beniamin euſſent voulu tyranniſer leurs

49.0 267.0 817.0 59.0 confreres? Voila ſemblablement ceux de Rome

53.0 319.0 810.0 64.0 qui appellent Conſtantin en aide contre Ma¬

50.0 363.0 818.0 67.0 xentius, qui d’Empereur d’Occident ſ'eſtoit ren

50.0 411.0 818.0 61.0 du manifeſte & cruel Tyran: laquelle guerre a

53.0 455.0 815.0 63.0 eſté non ſeulement beniſte de Dieu, mais auſſi

56.0 510.0 815.0 67.0 approuuce par le teſmoignage de tous les hiſto¬

56.0 561.0 819.0 58.0 riens: Touteſ-fois Conſtantin n’auoit aucune

57.0 604.0 819.0 56.0 ſouueraineté ſur Maxentius: ains lui eſtoit auſſi

59.0 655.0 818.0 62.0 bien ſouuerain en Occident, que l’autre en Ori¬

59.0 701.0 818.0 64.0 ent. Sẽblablement à quel titre eſt-ce que Char¬

61.0 750.0 819.0 60.0 lemagne a acquis l’Empire d’Occident, ſinon

61.0 800.0 820.0 61.0 d’autant qu’il fut euoqué par la plus ſaine partie

62.0 848.0 820.0 59.0 d’Italie, & notammẽt par les Patrices Romains

67.0 894.0 816.0 61.0 (qui n’eſtoient encores alors en la puiſſance des

66.0 941.0 814.0 67.0 papes, ni ne l’ont eſté de quelque temps apres)

65.0 990.0 820.0 61.0 contre la Tyrannie des Lombards, & la negli¬

68.0 1037.0 817.0 63.0 gence des Empereurs lors habitant en la Grece?

67.0 1084.0 822.0 60.0 Ie croi mon dire par ce moien eſtre ſuffiſammẽt

70.0 1135.0 815.0 61.0 prouué, preſuppoſant touſiours trois points en

70.0 1184.0 821.0 60.0 toutes ces reſolutions, aſſauoir que la Tyrannie

70.0 1232.0 822.0 52.0 ſoit toute notoire: Qu’on ne vienne iamais aux

73.0 1278.0 819.0 59.0 armes qu’apres auoir eſſaié tous autres remedes:

76.0 1325.0 816.0 57.0 Et finalement qu’on ait bien conſideré non ſeu¬

76.0 1373.0 815.0 61.0 lement ce qui eſt licite, mais auſſi ce qui eſt ex¬

79.0 1425.0 814.0 59.0 pedient, de peur que le remede ne ſoit pire que

79.0 1478.0 202.0 45.0 la maladie.

124.0 1510.0 772.0 67.0 Il reſte, ce me ſemble, pour la cloſture de ce

85.0 1567.0 806.0 61.0 traitté, de reſpõdre aux principalles raiſons qui

83.0 1616.0 806.0 60.0 ſ'alleguent au contraire, outre celles deſquelles

85.0 1674.0 381.0 53.0 i’ai traité par incident.

687.0 1716.0 69.0 82.0 I 3

877.0 300.0 174.0 44.0 Il eſt permis

876.0 335.0 177.0 54.0 à la plus ſai¬

885.0 373.0 166.0 51.0 ne partie de

882.0 414.0 148.0 54.0 demander

882.0 452.0 108.0 51.0 ſecours

880.0 493.0 139.0 55.0 d’ailleurs.

906.0 1500.0 136.0 56.0 Reſponſe

902.0 1546.0 164.0 50.0 aux obiecti¬

902.0 1589.0 164.0 43.0 ons contrai¬

900.0 1632.0 59.0 43.0 res.
