1132 1824
629 138 55 65 16

227 188 873 63 public ſoit repouſſé par publicque auctorité, & cõ¬

222 237 878 60 mun conſentement. Que ſi le magiſtrat par con¬

223 288 878 53 niuẽce, ou autremẽt, ne fait ſon deuoir, alors chacũ

225 332 873 57 particulier de tout ſon pouuoir ſ'efforce de main¬

224 383 875 60 tenir l’eſtat legitime de ſa patrie: à laquelle, apres

223 432 877 57 Dieu, chacun ſe doit ſoi-meſmes, contre celui qui

223 479 870 61 n’eſt point ſon Magiſtrat, puis qu’il veut vſurper,

225 527 773 55 ou a vſurpé telle domination contre les loix.

266 579 834 51 Mais il faut derechef ici noter vn point, aſſauoir

233 624 865 57 que le defaut qui ſe trouue au commencement de

233 672 864 61 l’vſurpation, ſe peut puis apres amender, de ſorte

231 718 873 64 que celui qui du commencement eſtoit vn Tyran,

226 769 875 62 peut deuenir legitime & inuiolable Magiſtrat, y

226 816 874 57 entreuenant le volontaire & droit conſentement,

226 864 867 60 par lequel les legitimes Magiſtrats ſont creez. Pour

225 910 870 62 exemple. La guerre ordonnee contre Ceſar ſous la

224 958 871 59 conduite de Pompee, eſtoit iuſte, combiẽ que Ce¬

224 1008 871 60 ſar ait eſté vainqueur. Mais ſ'il eſtoit vrai que puis

225 1057 870 59 apres par vn franc & volontaire conſentement du

228 1104 866 63 peuple Romain, Ceſar euſt obtenu la domination

225 1151 869 61 ſouueraine qu’il couurit du nom de Dictature per¬

228 1199 867 64 petuelle, il ne faudroit point diſputer ſi la coniura¬

225 1248 870 61 tion faitte contre lui, auroit eſté legitime, ſinon

227 1298 867 59 qu’on monſtraſt qu’il euſt meſmes notoirement a¬

225 1345 868 59 buſé de ſa Dictature. Ie tiens auſſi pour certain, que

224 1394 868 61 les bons citoiens Romains ont peu & deu garantir

227 1438 865 60 la Republique contre le Triumvirat. Mais ie n’oſe¬

229 1489 865 63 roi dire que Cinna & autres, aient peu droitement

227 1536 863 63 iurer la mort d’Auguſte, depuis que la loi Roialle,

228 1584 861 66 qu’on appelle, fut publiee & receuë: ſi faut-il en¬

227 1635 863 61 cores que ſur ce point nous vſions de diſtinction.

229 1686 861 64 Car ie ne doute point qu’on ne m’accorde qu’vn

918 1735 145 52 conſente¬

85 584 139 43 niuſte v¬

85 622 134 44 pateurd’u

87 665 132 36 domina¬

85 700 132 48 peult de¬

82 737 137 51 nir magi¬

83 784 134 50 at legiti¬

82 819 132 45 e & inuio¬

88 859 33 46 le.
