1132 1824
677.0 145.0 20.0 47.0 8

264.0 189.0 844.0 55.0 uerain, l’offenſé peut auoir recours à ſon ſouue¬

263.0 239.0 848.0 53.0 rain, comme les loix le portent, & comme nous

264.0 283.0 847.0 60.0 voions qu’a pratiqué ſaint Paul appellant à Ceſar

265.0 333.0 846.0 60.0 pour empeſcher le tort que lui faiſoit Feſtus gou¬

263.0 382.0 850.0 51.0 uerneur de Iudee: & faut qu’en ceſt endroit les

263.0 429.0 850.0 56.0 ſubiets eſtans perſonnes priuees aient eſgard à

264.0 479.0 849.0 56.0 deux points, aſſauoir à ne proceder que par la

266.0 525.0 847.0 57.0 voie de iuſtice, & puis auſſi à ce qui eſt expedient:

265.0 570.0 849.0 56.0 car le meſme ſaint Paul aiant eſté en la ville de Phi

264.0 621.0 850.0 59.0 lippes outragé iuſques a auoir eſté fouëtté contre

262.0 668.0 847.0 61.0 les loix de la bourgeoiſie de Rome par les magi¬

266.0 717.0 845.0 58.0 ſtrats mal aduiſez, & ſans cognoiſſance de cauſe,

267.0 763.0 847.0 63.0 cognoiſſant que ſa patiẽce pouuoit plus ſeruir à la

269.0 812.0 841.0 62.0 gloire de Dieu, ne pourſuiuit ſon droit plus auãt,

268.0 861.0 847.0 59.0 ains ſe contenta d’admoneſter les magiſtratz de

269.0 907.0 829.0 56.0 la faute qu’ils auoient commiſe contre les loix.

311.0 955.0 807.0 59.0 Mais ſ’il aduiẽt comme il n’eſt que trop ſouuẽt

276.0 1003.0 846.0 56.0 aduenu de noſtre temps, qu’ẽtre deux magiſtratz

277.0 1051.0 840.0 60.0 inferieurs l’vn face violẽce à l’autre contre la vo¬

276.0 1095.0 843.0 60.0 lonté toute notoire du ſouuerain, en ce cas ie di

281.0 1144.0 840.0 67.0 qu’il eſt licite à l’inferieur outragé, apres auoir eſ¬

281.0 1196.0 838.0 59.0 ſaié tous autres moiẽs plus doux, de ſ'armer des

278.0 1244.0 838.0 60.0 loix, & repouſſer vne force iniuſte par vne iuſte

279.0 1290.0 837.0 63.0 defenſe, comme nous voions auoir eſté prati¬

281.0 1334.0 841.0 73.0 qué par Nehemie à l’encontre de Senabalat & ſes

278.0 1395.0 198.0 56.0 adherants.

324.0 1436.0 797.0 58.0 Mais que ſera-ce ſi le ſouuerain magiſtrat meſ¬

281.0 1483.0 843.0 62.0 mes eſt celui dont procede l’outrage? Certaine¬

284.0 1530.0 837.0 69.0 mẽt Ieſus Chriſt & apres lui tous les martyrs nous

281.0 1584.0 839.0 58.0 apprenent à ſouffrir patiemment les iniures, & la

286.0 1623.0 836.0 73.0 gloire des Chreſtiens giſt à ſouffrir iniure de tous

284.0 1676.0 837.0 122.0 & ne la faire à aucun. Comment donc ? dira quel¬

1023.0 1723.0 96.0 62.0 qu’vn

85.0 287.0 135.0 52.0 Act.25.10

87.0 676.0 110.0 50.0 Act.16

90.0 964.0 168.0 48.0 Vn Magi¬

85.0 1003.0 178.0 48.0 ſtrat inferi¬

86.0 1044.0 179.0 48.0 eur empeſ¬

86 1085 175 50 ché parvn au

91 1155 173 48 tre contre la

88.0 1159.0 182.0 52.0 volõté du ſu¬

92.0 1202.0 172.0 52.0 perieur bien

94.0 1244.0 147.0 46.0 congneue

89.0 1281.0 175.0 52.0 peut repou¬

92.0 1323.0 175.0 45.0 ſer la violẽce

92.0 1364.0 175.0 52.0 d’vn attentat

91.0 1398.0 152.0 56.0 Nehem.4

91.0 1459.0 178.0 47.0 Toute reſi¬

92.0 1500.0 177.0 47.0 ſtãce du ſub¬

91.0 1541.0 179.0 48.0 iet cõtre ſon

91.0 1580.0 181.0 53.0 ſuperieur ne

92.0 1614.0 178.0 56.0 eſt pas illici¬

92.0 1656.0 178.0 49.0 te ni ſeditieu

93.0 1696.0 38.0 100.0 ſe.
