1132 1824
461.0 136.0 42.0 66.0 31

66.0 195.0 819.0 60.0 muniquer au Peuple ni au Senat. Il appert donc

66.0 246.0 820.0 55.0 par ces mots que les Rois des Romains n’ont e¬

63.0 291.0 822.0 59.0 ſté receuz qu’à certaines conditions, leſquelles

62.0 336.0 822.0 65.0 n’eſtãs obſeruees, le Peuple aſſemblé (ſelon que

63.0 389.0 816.0 55.0 les Citoiens eſtoient diſtinguez) n’auoit moins

63.0 432.0 820.0 61.0 de puiſſance de depoſer le Roi que de l’eſtablir:

65.0 483.0 819.0 61.0 Comme auſſi ils le prattiquerent à l’endroit de

63.0 532.0 818.0 57.0 ce Tyran. Et de fait, outre ce que Seneque re¬

61.0 580.0 821.0 59.0 marque des liures de Republica de Ciceron, aſ¬

59.0 628.0 821.0 60.0 ſauoir, Qu’il y auoit appel du Roi, au Peuple (ce

65.0 676.0 817.0 60.0 qui fut auſſi prattiqué en la cauſe criminelle de

62.0 723.0 818.0 59.0 Horatiꝰ, meurtrier de ſa ſœur, abſous par le Peu

65.0 772.0 814.0 58.0 ple apres auoir eſté condamné par les Iuges de¬

63.0 817.0 816.0 63.0 leguez du Roi Tullus Hoſtilius) outre cela di-ie

63.0 866.0 806.0 63.0 Dioniſius nous teſmoigne que Romulus auecq

60.0 914.0 818.0 60.0 ſon conſeil ordonnant de l’eſtat de Romme, de¬

60.0 961.0 817.0 63.0 clara le Roi eſtre le gardien des Loix: & ce pen¬

59.0 1008.0 818.0 59.0 dant fut laiſſee au Peuple la puiſſance de creer

60.0 1055.0 815.0 63.0 les Magiſtrats, d’eſtablir les loix, & d’ordonner

60.0 1105.0 816.0 61.0 la guerre: ce qui ſemble à la verité, auoir ſerui cõ

59.0 1155.0 816.0 57.0 me de patron aux fondateurs de la monarchie

59.0 1200.0 811.0 63.0 Frãçoiſe, comme ci apres il ſera dit. D’auãtage, il

59.0 1249.0 816.0 64.0 appert par l’hiſtoire de Collatin, premier Cõſul

59.0 1299.0 816.0 61.0 auec Brutus, que le Peuple (entendez touſiours

59.0 1347.0 817.0 60.0 par ce mot non pas ſimplement le Tiers Eſtat

62.0 1397.0 813.0 60.0 qu’on appelle au iourdhui, mais les trois Eſtats

60.0 1440.0 808.0 62.0 de Rome, aſſauoir les Patrices, les Cheualiers,

59.0 1487.0 813.0 64.0 & le Commun peuple) auoit pareille authorité

56.0 1532.0 817.0 68.0 ſur les Conſuls, combien qu’ils euſſent ſouue¬

58.0 1588.0 802.0 61.0 reine puiſſance en la Republique: pourueu qu’i

59.0 1629.0 808.0 65.0 n’i euſt point de Dictateur. Car voila ce qu’en

57.0 1675.0 814.0 68.0 dit le meſme Tite Liue: Le Conſul, dit-il, crai¬

883.0 1515.0 165.0 74.0 Exemple de

876.0 1579.0 156.0 52.0 l'eſtat des

877.0 1621.0 149.0 40.0 Romains

883.0 1656.0 166.0 50.0 durant leur

883.0 1696.0 166.0 102.0 Republique
