1132 1824
654.0 149.0 57.0 34.0 20

264.0 187.0 824.0 57.0 mes, par le moindre de ceux qu’il veut forcer, at

262.0 233.0 826.0 59.0 tendu qu’ils ne lui ſont nullement obligez: mais

261.0 282.0 827.0 60.0 celui qui a eſte aduoüé par ſon Peuple, nonob¬

261.0 329.0 827.0 60.0 ſtant qu’il abuſe de ſon droit, retient touteſfois

260.0 377.0 826.0 56.0 ce fondement d’authorité qu’il a ſur ſes ſubiets

262.0 428.0 824.0 59.0 particuliers, ne pouuant l’obligation qui a eſté

259.0 479.0 826.0 55.0 contractee par conſentement commun & pu¬

259.0 522.0 827.0 58.0 blic, eſtre rompue, & miſe à neant, à l’appetit de

262.0 573.0 823.0 59.0 vn particulier: ioint que faiſant autrement, infi¬

260.0 623.0 823.0 55.0 nis troubles ſ'enſuiuroient pires que la Tyran¬

259.0 668.0 824.0 57.0 nie meſme, & ſuruiendroient mille Tyrans ſous

259.0 716.0 822.0 58.0 vmbre d’en vouloir empeſcher vn. Outre cela,

258.0 766.0 825.0 59.0 il y a vne raiſon de plus grand poix que tout ce

259.0 817.0 824.0 53.0 qu’on pourroit alleguer au contraire, aſſauoir

257.0 860.0 824.0 59.0 l’authorité de la parolle de Dieu toute claire.

261.0 908.0 817.0 59.0 Car S. Paul parlant du deuoir des particuliers,

257.0 955.0 825.0 60.0 non ſeulement defend de reſiſter au Magiſtrat

255.0 1006.0 827.0 56.0 ſouuerain ou inferieur, maisauſſi commande de

255.0 1052.0 825.0 54.0 lui obeir à cauſe de la conſcience. S. Pierre pa¬

256.0 1102.0 821.0 58.0 reillement ordonne qu’on ait à honorer le Roi,

255.0 1150.0 825.0 56.0 ſe ſouuenant (comme il eſt à preſumer) de la re¬

257.0 1198.0 824.0 51.0 prehenſion qu’il auoit entendue de ſon maiſtre

256.0 1249.0 826.0 56.0 lors qu’eſtant particulier & perſonne priuee, il

256.0 1296.0 824.0 55.0 auoit deſgainné l’eſpee contre la puiſſance pu¬

255.0 1340.0 824.0 61.0 blique, de laquelle touteſfois on abuſoit contre

254.0 1392.0 824.0 58.0 ſon maiſtre. Et ce neãtmoins nul n’ignore quels

253.0 1440.0 825.0 58.0 eſtoient les Empereurs de ce temps-là, aſſauoir

257.0 1486.0 821.0 58.0 Tybere & Neron, & la pluſ-part des Gouuer¬

252.0 1537.0 825.0 56.0 neurs des Prouinces. Ceſt exemple a eſté puis a¬

255.0 1583.0 822.0 59.0 pres enſuiui par les fideles Martyrs treſ-cruelle¬

254.0 1633.0 823.0 58.0 ment perſecutez par les Tyrans du tout inhu¬

254.0 1683.0 821.0 59.0 mains, non ſeulement alors que les Empereurs

80.0 924.0 107.0 43.0 Ro.13.5

84.0 1045.0 137.0 62.0 1.Pier.2.17
