1132 1824
664.0 159.0 23.0 44.0 4

259.0 190.0 831.0 54.0 obeir aux hommes comme à Dieu ſans aucune

259.0 237.0 831.0 58.0 reſerue : Et, qui plus eſt, Toutesfois & quantes

261.0 286.0 829.0 57.0 que les ordonnances de Dieu ſont poſtpoſees à

261.0 333.0 832.0 55.0 celles des hommes, autant de fois ſont eſleuez

262.0 380.0 830.0 56.0 les hõmes par deſſus le throſne de Dieu. Le man

260.0 428.0 838.0 59.0 dement de Pharaon ordonnant qu’on tuaſt les

265.0 476.0 827.0 61.0 petits enfans maſles des Hebreux, eſtoit treſini¬

265.0 525.0 826.0 60.0 que, auquel auſſi n’obeirent les ſages femmes : &

266.0 573.0 827.0 60.0 pourtant eſt il dit que Dieu leur baſtit des mai¬

267.0 619.0 827.0 61.0 ſons, c’eſt à dire, Beneit leurs familles. L’edit de

266.0 664.0 831.0 64.0 Nabuchadnezar touchant l’adoration de l’ima¬

266.0 712.0 835.0 70.0 ge d’or, eſtoit irreligieux, & pourtant les com¬

269.0 765.0 827.0 60.0 pagnons de Daniel n’en voulurent rien faire : La

269.0 811.0 827.0 65.0 pieté & cõſtãce deſquels fut approuuee de Dieu

278.0 857.0 817.0 65.0 par treſ-euident miracle. Le commandement

267.0 905.0 833.0 61.0 de Ieſabel de tuer les Prophetes de Dieu eſtoit

269.0 958.0 829.0 55.0 irreligieux & inique tout enſemble, & pourtant

270.0 1004.0 828.0 60.0 feit treſ-bien Abdias quand au lieu de les tuer, il

267.0 1051.0 833.0 63.0 les nourriſt & entretint. Antiochus comman¬

270.0 1102.0 828.0 55.0 de qu’on ſacrifie aux faux dieux, que les ceremo¬

271.0 1149.0 827.0 58.0 nies ſacrees ſoient violees, & les ſaints liures abo

271.0 1198.0 827.0 58.0 lis: auquel ſaintement ſ'oppoſerent les demou¬

272.0 1247.0 828.0 56.0 rants des fideles, ſous la charge & conduitte de

272.0 1296.0 829.0 56.0 Mathathias. Les principaux Sacrificateurs &

272.0 1341.0 829.0 61.0 tout le conſeil ont defendu la predication de l’E¬

271.0 1391.0 829.0 60.0 uangile, auſquels tant ſ’en faut que leſus Chriſt,

272.0 1442.0 831.0 55.0 & apres lui ſes Apoſtres aient obei, que tout au

271.0 1488.0 829.0 55.0 contraire, Ieſus Chriſt a preſché en plein temple,

273.0 1535.0 831.0 61.0 & les Apoſtres ont ouuertemeut reſpondu aux

275.0 1582.0 832.0 64.0 ſacrificateurs, Qu’ils obeiroient à Dieu, & non

275.0 1629.0 832.0 59.0 point aux hommes. Ce qu’auſſi de tout temps

275.0 1678.0 828.0 121.0 les ſaints Martirs ont enſuiui. Ie di donc que l'au¬

84.0 587.0 143.0 52.0 Exod.1.21

86.0 671.0 96.0 58.0 Dan.3

82.0 854.0 176.0 82.0 1.Rois.18.13

87.0 1061.0 140.0 68.0 1.Mach.2

90.0 1491.0 126.0 47.0 Ieh.9.22

92.0 1530.0 127.0 54.0 Act.5.29
