1132 1824
675.0 145.0 26.0 40.0 6

260.0 183.0 842.0 57.0 mandé de faire, ou de ne faire point. Car ceſte

258.0 230.0 844.0 61.0 ſentence de l’Apoſtre demeure ferme, que toute

258.0 276.0 843.0 64.0 choſe qui ſe fait ſans Foi (c’eſt à dire doutant la

259.0 326.0 837.0 60.0 conſcience, ſi elle eſt bonne ou mauuaiſe à faire)

258.0 374.0 841.0 61.0 eſt peché. Mais ſi on commande quelque choſe

257.0 427.0 840.0 58.0 notoirement irreligieuſe ou inique, alors doit a¬

258.0 471.0 683.0 57.0 uoir lieu ce que ci deſſus nous auons dit

308.0 516.0 789.0 66.0 On demande plus outre, iuſques ou ſ'eſtend

261.0 570.0 834.0 58.0 ceſte reſolution de n’obeir point aux cõmande¬

259.0 620.0 834.0 57.0 ments irreligieux ou iniques des magiſtrats. Ie

261.0 667.0 831.0 59.0 reſpon, Qu’vn chacũ doit auoir eſgard en tel cas

257.0 708.0 833.0 71.0 à ſa vocation, ſoit generale & publique, ou parti¬

258.0 756.0 837.0 66.0 culiere. Si doncques ton magiſtrat te comman¬

254.0 804.0 838.0 63.0 de de faire ce que Dieu te defend, à l’exemple de

260.0 855.0 823.0 64.0 Pharaon à l’endroit des ſages femmes d’Egypte,

251.0 898.0 839.0 71.0 & d’Herodes commandant à ſes ſatellites de tuer

252.0 949.0 834.0 60.0 les Innocẽts qu’on appelle, alors auras tu fait ton

257.0 1000.0 826.0 60.0 deuoir refuſant d’executer vn tel acte: Comme

248.0 1049.0 836.0 56.0 nous liſons auoir eſté fait par ceſt excellent iuriſ¬

247.0 1099.0 836.0 56.0 conſulte Papinian, lequel, encores qu’il ne feuſt

248.0 1149.0 834.0 54.0 Chreſtien, aima mieux eſtre tué par le tyran Ca¬

244.0 1197.0 838.0 53.0 racalla, que de maintenir & defendre le meurtre

246.0 1243.0 836.0 57.0 qu’icelui auoit fait de ſon propre frere. Mais ſi le

244.0 1292.0 836.0 54.0 tyran te defend de faire ce que Dieu t’a comman

244.0 1339.0 835.0 55.0 dé, alors n’auras tu fait ton deuoir, ſi outre ce que

244.0 1386.0 840.0 59.0 tu n’obtemperes au tyran, tu n’obeis à Dieu, à l’e¬

242.0 1434.0 837.0 57.0 xemple d’Abdias, lequel non ſeulement ne tua

243.0 1485.0 834.0 53.0 point les Prophetes, mais auſſi les ſauua, & nour¬

243.0 1526.0 832.0 59.0 rit contre la volonté d’Achab & de Ieſabel: nous

239.0 1580.0 837.0 49.0 eſtant commandé de Dieu de ſecourir nos freres

240.0 1628.0 836.0 56.0 en dãger ſelon noſtre pouuoir & vocation. Ainſi

242.0 1678.0 826.0 63.0 pareillement les Apoſtres comme il a eſté dit cy

85.0 253.0 123.0 76.0 Ro.14.23

89.0 507.0 155.0 55.0 Es comman

88.0 550.0 155.0 50.0 lemens irre

86.0 588.0 158.0 54.0 igieux & i¬

88.0 632.0 155.0 52.0 iques ce

88.0 671.0 161.0 51.0 ’eſt aſſesde

88.0 706.0 153.0 55.0 e malfaire,

88.0 755.0 156.0 44.0 nais faut

89.0 790.0 134.0 47.0 uſſi fac¬

88.0 829.0 156.0 49.0 uiter de ce

85.0 869.0 156.0 56.0 u'on doit à

83.0 907.0 161.0 59.0 Dieu, & au

85.0 944.0 125.0 52.0 rochain.

89.0 989.0 119.0 40.0 xod.1.16

88.0 1021.0 132.0 65.0 Matth.2.17

95.0 1428.0 134.0 58.0 Rois.15.18
