1132 1824
666 136 32 58 50

269 183 825 61 Meroueé, l’an 461: & Sigibert, l’an 578: &

271 233 823 53 Theodoric, l’an 667, meſmes l’an 890 les E¬

268 280 826 54 ſtats laiſſans en arriere le fils de Charles le Chau

268 330 827 57 ue, eſleurent Eudes pour leur Roi. Et ſe lit que

268 380 827 56 Hue Cappet pour priuer du Roiaume Charles

267 425 828 60 frere de Lothaire, ſe ſeruit principallement de

270 477 825 57 ce que Charles auoit fait du long, eſperant que

270 521 826 57 tout leur different ſeroit vuidé par les Eſtats à la

271 573 824 52 maniere accouſtumee. Bref, ſi le Roiaume n’e¬

271 618 824 60 ſtoit electif, Pepin n’ya point eu de droit, niHue

273 666 822 57 Cappet auſſi, n’eſtant deffaillie la ſucceſſion de

271 713 823 61 hoirs maſles de Meroueé, quand Pepin y eſt en¬

273 762 821 60 tré: ni de Charlemaigne, quãd Cappet ſ'eſt em¬

276 815 377 55 paré de la Couronne.

325 855 768 58 Quant à l’authorité des meſmes Eſtats à eſta¬

274 905 823 61 blir & depoſer les principaux officiers de la Cou

275 955 821 59 rõne, ou pour le moins auoir l’œil à ce que leurs

275 1003 816 54 Rois en faiſoient, & ſur l’impoſition des tailles,

276 1054 819 58 & autres affaires principaux du gouuernement

277 1102 819 56 en paix & en guerre: Les hiſtoires anciennes &

278 1147 818 58 authentiques en font pleine foi, & demonſtrẽt

278 1196 816 57 manifeſtement l’impudence des flatteurs, qui

278 1242 818 59 ſ'agrandiſſent auiourdhui de la deſtruction d’vn

278 1292 818 52 tel & ſi bien ordonné Roiaume. Certainement

278 1341 818 57 ce qu’auiourdhui en France ſans aucune cõuoca

277 1388 818 62 tion d’Eſtats le plus prochain du ſang Roial ſuc¬

277 1436 816 59 cede, faiſant vn nouueau monde à l’appetit de

277 1483 816 61 ceux qui aurõt gaigné la bonne grace du ſucceſ¬

276 1533 817 57 ſeur de la Courõne: & que les Eſtats ne ſont plus

277 1581 817 62 conuoquez à certain temps: mais à l’appetit de

277 1632 816 58 certains perſonnages ne regardans qu’à leur cõ¬

276 1677 814 62 modité & ſeurté, & ce nõ pas pour rien arreſter:
