1132 1824
655.0 149.0 60.0 43.0 26

273.0 187.0 818.0 59.0 duquel le Tyran fut deboutté de ſon Roiaume,

273.0 240.0 821.0 53.0 & furent ſes biens confiſquez, eſtant choſe hors

271.0 288.0 821.0 56.0 de doute que ſ’ils euſſent peu auoir ſa perſonne,

267.0 333.0 826.0 59.0 ils l’euſſent iugé ſelõ les loix qu’il auoit trãſgreſ¬

268.0 385.0 825.0 54.0 ſees, au lieu qu’il en deuoit eſtre le protecteur.

273.0 431.0 821.0 56.0 Car pour certain c’eſt vne parolle treſ-fauſſe, &

271.0 479.0 823.0 55.0 non point d’vn loial ſubiet à ſon Prince, mais de

273.0 528.0 819.0 53.0 vn deteſtable flatteur, de dire que les ſouuerains

273.0 577.0 819.0 54.0 ne ſont aſtreints à nulles loix. Car au contraire,

276.0 625.0 818.0 57.0 il n’y en a pas vne, par laquelle il ne doiue & ſoit

283.0 667.0 809.0 58.0 tenu de reigler ſon gouuernement, puis qu’il a

278.0 714.0 814.0 62.0 iuré d’eſtre le mainteneur & protecteur de tou¬

276.0 766.0 815.0 58.0 tes. Et pourtant ceſte belle ſentence de l’Empe¬

272.0 815.0 818.0 55.0 reur Marc Aurele doit eſtre pluſtoſt retenue,

272.0 863.0 820.0 57.0 aſſauoir que c’eſt vne parolle digne de Prince de

273.0 909.0 818.0 57.0 monſtrer & confeſſer ouuertement qu’il eſt a¬

273.0 961.0 820.0 54.0 ſtreint aux loix. Ainſi auſſi le pratiqua Trajan ce

275.0 1006.0 817.0 61.0 grand & tant renommé Empereur, quand deli¬

275.0 1053.0 812.0 58.0 urant l’eſpee à vn qu’il creoit ſon Conneſtable,

274.0 1103.0 816.0 53.0 ſelon la ceremonie de ce temps-là, il lui dit ces

275.0 1153.0 816.0 53.0 mots, Tire la pour moi ſi ie cõmande bien, con¬

275.0 1196.0 817.0 53.0 tre moi ſi ie fai autremẽt. Mais venons à l’hiſtoi

275.0 1248.0 815.0 56.0 re ſacree, qui nous fournira d’exemples certains

275.0 1294.0 816.0 56.0 & irrefragables pour aſſeurer la conſciẽce d’vn

273.0 1340.0 817.0 59.0 chacũ. Dauid cherché à la mort par Saül treſcru¬

274.0 1390.0 816.0 57.0 el & treſ-deloial Tyran, n’auoit ni aucun Prince

274.0 1438.0 815.0 55.0 de Tribu, ni chef de milliers, ni cẽtenier, ni an¬

275.0 1488.0 815.0 59.0 cien du peuple qui prinſt ſa querelle contre vne

275.0 1535.0 815.0 55.0 telle Tyrannie, qui concernoit non ſeulement

274.0 1581.0 815.0 58.0 la perſonne de Dauid, mais auſſi tout l’eſtat du

274.0 1631.0 813.0 56.0 Roiaume, ſur tout apres vn ſi horrible meurtre

274.0 1677.0 812.0 67.0 des Sacrificateurs. Il ſ'enfuit donc ça & là pour

95.0 568.0 168.0 47.0 Tout ſouue¬

93.0 610.0 172.0 45.0 rain eſt a¬

91.0 651.0 158.0 43.0 ſtreint aux

91 688 173 47 loixde ſa ſou

94.0 726.0 149.0 52.0 ueraineté.

117.0 789.0 144.0 56.0 Marc Au

95.0 838.0 76.0 43.0 rele.

100.0 961.0 114.0 52.0 Traian.

99.0 1335.0 104.0 53.0 Dauid.
