1132 1824
483.0 159.0 52.0 23.0 79

85.0 178.0 828.0 48.0 entieres & bien armees, qui ont ſouffert la mort

85.0 223.0 822.0 56.0 ſans tirer l’eſpee. Ie reſpon en premier lieu,

87.0 269.0 824.0 58.0 que c’eſt choſe trop abſurde & fauſſe, d’eſtimer

85.0 317.0 822.0 58.0 les deffenſes propres aux affaires de ce monde,

90.0 368.0 820.0 55.0 (comme ſont la Iuſtice & les armes) eſtre non

83.0 413.0 826.0 55.0 ſeulement differentes d’auecques les deffenſes

83.0 465.0 827.0 52.0 ſpirituelles: mais auſſi contraires, & tellement

83.0 514.0 827.0 56.0 repugnantes, qu’en matiere de Religion elles

83.0 556.0 823.0 64.0 ne puiſſent auoir lieu. Car au contraire, Le prin¬

83.0 603.0 820.0 64.0 cipal office d’vn bon Magiſtrat, eſt d’emploier

85.0 653.0 817.0 58.0 tous les moiens que Dieu lui a donnez, à faire

88.0 705.0 811.0 57.0 que Dieu ſoit recongneu, & ſerui cõme Roi des

83.0 752.0 826.0 53.0 Rois entre les ſubiets que Dieu lui a commiz:

85.0 794.0 823.0 66.0 & par conſequent il doit emploier pour ceſt

82.0 842.0 818.0 63.0 effect tant ſon bras de la Iuſtice contre les per¬

82.0 892.0 824.0 57.0 turbateurs de la vraie Religion, qui ne donne¬

83.0 944.0 813.0 58.0 ront lieu aux admonitions & cenſures Eccle¬

82.0 991.0 821.0 66.0 ſiaſtiques, que ſon bras armé contre ceux, qui

82.0 1039.0 760.0 58.0 autrement ne pourroient eſtre empeſchez.

83.0 1090.0 826.0 56.0 Pour preuue de cela, nous auons raiſons & teſ¬

84.0 1140.0 825.0 55.0 moignages expres de l’Eſcriture. La raiſon, eſt

87.0 1183.0 822.0 62.0 que le vrai but des polices bien dreſſees, n’eſt

84.0 1233.0 824.0 60.0 pas la tranquilité de ceſte vie, comme quelques

85.0 1279.0 822.0 62.0 Philoſophes Payens ont eſtimé, mais la gloire

85.0 1329.0 821.0 60.0 de Dieu, à quoi-meſmes toute la vie preſente

84.0 1375.0 824.0 62.0 doit viſer. De là il ſ'enſuit, que ceux qui ont

85.0 1425.0 821.0 60.0 les Gouuernemens des peuples, doiuent rap¬

86.0 1474.0 816.0 59.0 porter à l’entretenement du ſeruice de Dieu,

94.0 1520.0 802.0 62.0 (en l’obſeruation duquel giſt la gloire d’icelui)

85.0 1570.0 819.0 60.0 tous les moiens qu’ils ont receuz de Dieu, en¬

86.0 1618.0 820.0 61.0 tre ceux qui leur ſont commiz. Et quand la

85.0 1666.0 817.0 63.0 tranquilité de ceſte vie ſeroit le dernier but des

922.0 566.0 136.0 61.0 Le princip

920.0 612.0 145.0 50.0 deuoir du

925.0 650.0 140.0 55.0 Prince eſt

914.0 699.0 152.0 38.0 maintenir

913.0 736.0 157.0 44.0 de tout ſo

923.0 769.0 119.0 56.0 pouuoir

922.0 811.0 138.0 47.0 oure Reli

918.0 851.0 150.0 53.0 giõ entre ſe

920.0 896.0 149.0 49.0 ſubiets con

912.0 936.0 156.0 42.0 tre les enne

909.0 970.0 157.0 52.0 mis de de

917.0 1006.0 141.0 53.0 dans & du

915.0 1053.0 110.0 76.0 dchors.
