1132 1824
455.0 166.0 38.0 48.0 59

61.0 200.0 820.0 59.0 la domination de ſa patrie, Si vn pere, dit-il, ſ'ef¬

60.0 248.0 823.0 56.0 force d’occuper la domination, ou de trahir la

63.0 296.0 819.0 59.0 patrie, le fils ſe tiendra-il coi? non: mais pluſtoſt

60.0 346.0 821.0 59.0 ſuppliera ſon pere de n’en rien faire. Que ſ'il ne

61.0 394.0 819.0 56.0 proffite rien, il l’accuſera, & meſmes il le mena¬

60.0 439.0 815.0 60.0 cera: & ſi finalement on en eſt venu iuſques là,

61.0 489.0 818.0 60.0 que la patrie ſoit en dãger d’eſtre ruinee, il poſt¬

62.0 536.0 814.0 60.0 poſera la vie de ſon pere à la ſauueté de ſa patrie.

65.0 582.0 809.0 63.0 Voila l’aduis de ce perſonnage fondé ſus raiſon,

60.0 633.0 818.0 59.0 & qui n’eſt de petite authorité. Et quant aux eſ¬

59.0 680.0 818.0 58.0 claues, par le droit des Romains l’eſclaue, au¬

60.0 730.0 817.0 56.0 quel (eſtant malade) n’aura eſté pourueu par ſon

57.0 779.0 816.0 60.0 ſeigneur, eſt tenu pour affranchi: Qui plus eſt,

58.0 824.0 818.0 59.0 l’eſclaue par diſpoſition de droit eſcrit peut ac¬

58.0 869.0 819.0 60.0 cuſer ſon ſeigneur eſtãt queſtion de crime de le¬

56.0 918.0 821.0 60.0 ſe maieſté. Or qui eſt plus coulpable de ce crime

60.0 968.0 815.0 58.0 que le Tyran violant manifeſtement tous droits

57.0 1015.0 816.0 58.0 diuins & humains? Mais deuant qui, direz-vous.

57.0 1061.0 819.0 60.0 ſera-il accuſé? Ie reſpon, deuant ceux qui aians

57.0 1111.0 820.0 58.0 eu puiſſance de le creer, ont auſſi puiſſance de le

56.0 1163.0 818.0 56.0 iuger, & qui ſont principaux protecteurs, & ſans

57.0 1210.0 817.0 51.0 aucun reſſort, mainteneurs de la ſouueraineté.

59.0 1255.0 817.0 56.0 Pareillement, combien que les affranchiz doi¬

57.0 1308.0 819.0 50.0 uent toute reuerence à leurs patrons, de ſorte

57.0 1355.0 819.0 55.0 qu’ordinairement ils ne peuuent agir que ciui¬

57.0 1402.0 820.0 53.0 lement contre eux: ce neantmoins pour certai¬

57.0 1450.0 820.0 55.0 nes cauſes, comme ſ’ils en ont receu quelque in¬

56.0 1497.0 820.0 57.0 iure atroce, ou ſi l’affranchi a trouué ſon patron

58.0 1542.0 818.0 60.0 en adultere auec ſa femme, il lui eſt permis par

58.0 1592.0 819.0 50.0 les loix ciuiles d’intenter contre lui action cri¬

57.0 1640.0 820.0 57.0 minelle. Tous leſquels argumens i’emploie non

61.0 1688.0 811.0 62.0 pour reigler la conſcience par les loix ciuilles,

552.0 1743.0 76.0 56.0 H 2
