1132 1824
633.0 149.0 59.0 40.0 60

252.0 188.0 832.0 61.0 ou par le dire de quelque Philoſophe: mais pour

250.0 237.0 836.0 55.0 monſtrer euidemment combien eſt deſraiſon¬

251.0 286.0 835.0 58.0 nable l’opinion de ceux, qui ne laiſſent aucun

251.0 334.0 836.0 59.0 legitime moien aux hommes d’empeſcher le

251.0 385.0 835.0 54.0 cours d’vne manifeſte tyrannie, quelque in ique

252.0 430.0 834.0 58.0 & cruelle qu’elle ſoit. Certainement ce qu’ils al¬

252.0 480.0 834.0 58.0 leguent, qu’vn Roi n’eſt adſtreint aux loix, ne

253.0 528.0 832.0 55.0 doit ni ne peut eſtre entendu generalement, &

256.0 575.0 829.0 57.0 ainſi que chantent les flatteurs des Rois, & rui¬

260.0 623.0 822.0 55.0 neurs des Roiaumes. Car outre tant d’exemples

266.0 664.0 817.0 67.0 & de toutes nations alleguez ci deſſus, Que de¬

266.0 717.0 820.0 55.0 uiendront ces notables ſentences des anciens Iu

261.0 761.0 826.0 61.0 riſconſultes fondees ſur le droit de nature, c’eſt

256.0 813.0 829.0 59.0 aſſauoir, que celui qui fait les loix, doit auſſi ob¬

258.0 865.0 828.0 59.0 temperer aux loix, & qu’il n’y a rien plus propre

258.0 908.0 829.0 57.0 à l’Empire que de viure ſelõ les loix: Et que c’eſt

258.0 958.0 828.0 58.0 vne parolle digne de Prince, de confeſſer qu’on

257.0 1007.0 828.0 58.0 eſt obligé aux loix? Et pourtant ce qui ſemble e¬

257.0 1052.0 828.0 59.0 ſtre dit au contraire par les Iuriſconſultes, aſſa¬

259.0 1101.0 828.0 59.0 uoir, que le Prince n’eſt obligé aux loix, ne doit

259.0 1151.0 829.0 53.0 eſtre entendu que des loix ciuilles, & du droit

261.0 1198.0 825.0 58.0 particulier & priué: comme d’vn teſtament, d’v¬

261.0 1245.0 826.0 57.0 ne detraction falcidiane, ou Trabellianique, ou

264.0 1293.0 820.0 54.0 autre ſemblable choſe: & non du droit public,

266.0 1342.0 818.0 54.0 & concernant l’eſtat, & bien moins du droit na¬

265.0 1391.0 820.0 56.0 turel que diuin: auquel tous les hommes eſtans

264.0 1438.0 822.0 56.0 tenus, pource qu’ils ſont nez hommes, il ſ’enſuit

263.0 1487.0 821.0 52.0 neceſſairement, ou que les Rois ne ſont pas hõ¬

265.0 1534.0 817.0 58.0 mes, ou qu’ils y ſont obligez auſſi. Et ſi quelqu’¬

267.0 1582.0 816.0 58.0 vn replique là deſſus, Que le droit public, & cõ¬

265.0 1633.0 819.0 55.0 cernant l’eſtat de quelque nation ou peuple (car

267.0 1680.0 817.0 59.0 c’eſt de ces loix que ie parle) eſt different d’auec

79.0 572.0 157.0 43.0 Comment

78.0 606.0 171.0 43.0 ſe doit enten

76.0 644.0 173.0 51.0 dre ceſte ſen

74.0 687.0 180.0 48.0 tence, Que

74.0 728.0 172.0 45.0 les Rois ne

73.0 767.0 179.0 49.0 sõt aſtreints

76.0 803.0 127.0 66.0 aux loix.
