1132 1824
471.0 142.0 34.0 49.0 53

73.0 179.0 816.0 56.0 eſt inſeree ceſte clauſe expreſſe (Encores que lui

71.0 225.0 818.0 60.0 comme Roi traittaſt auec le Duc Philippes de

72.0 274.0 812.0 60.0 Bourgongne fils dudit Duc Iean & ſon vaſſal)

71.0 323.0 816.0 58.0 Item conſentira le Roi, & baillera ſes lettres.

74.0 372.0 815.0 58.0 Que ſ’il aduenoit ci apres que de ſa part feuſt en¬

72.0 419.0 819.0 59.0 freint ce preſent traitté, Ses vaſſaux, feaux & ſu¬

71.0 471.0 821.0 55.0 iets, preſens & aduenir, ne ſeront plus tenus de

72.0 517.0 820.0 54.0 lui obeir & ſeruir: mais ſeront tenus deſlors de

72.0 564.0 818.0 58.0 ſeruir mondit ſeigneur de Bourgõgne & ſes ſuc¬

72.0 612.0 817.0 57.0 ceſſeurs à l’encontre de lui: Et qu’audit cas tous

73.0 658.0 818.0 59.0 leſdits vaſſaux, ſubiets, & ſeruiteurs ſeront ab¬

74.0 707.0 819.0 59.0 ſouz & quittes de tous ſermens de fidelité, &

74.0 757.0 820.0 50.0 toutes autres promeſſes & obligations des ſerui

74.0 807.0 820.0 55.0 ces, en quoi ils pourroient eſtre tenus parauant

73.0 853.0 822.0 55.0 enuers le Roi Charles, ſans que pour le temps à

77.0 899.0 816.0 59.0 venir il leur peuſt eſtre imputé à charge, & qu’õ

76.0 949.0 817.0 56.0 leur peuſt rien demander: Et que dés maintenãt

77.0 998.0 815.0 53.0 comme pour lors le Roi Charles leur comman¬

79.0 1042.0 814.0 57.0 de d’ainſi le faire, & les quitte & deſcharge de

78.0 1091.0 796.0 54.0 toutes obligations & ſermens au cas deſſuſdit.

82.0 1136.0 814.0 56.0 Telle fut l’iſſue de la contrauention du Roi à ſon

78.0 1189.0 818.0 57.0 ſerment par mauuais conſeil. Et pource que ceſt

81.0 1237.0 813.0 53.0 accord fut obſerué, le Roiaume trouua repos.

82.0 1281.0 814.0 51.0 Or ſ'il a eſté trouué raiſonnable d’adiouſter ce¬

80.0 1329.0 818.0 59.0 ſte clauſe, eſtant queſtion d’vne promeſſe ſurue¬

79.0 1381.0 819.0 50.0 nante, & non du tout fondamentalle en l’admi¬

79.0 1428.0 818.0 53.0 niſtration du Roiaume:deuons-nous en moins

82.0 1476.0 817.0 55.0 eſtimer d’vne promeſſe & cõditiõ ſous laquelle

83.0 1523.0 816.0 58.0 vn Roi aura eſté accepté par ſon Peuple, & qui

82.0 1571.0 816.0 57.0 eſt meſme fondee ſur equité & raiſon naturelle,

84.0 1621.0 815.0 54.0 aſſauoir de reigler ſon adminiſtration ſelon les

85.0 1667.0 813.0 60.0 loix, deſquelles il eſt ou doit eſtre le ſouuerain

635.0 1728.0 74.0 70.0 G 3
