1132 1824
620.0 126.0 55.0 70.0 98

227.0 187.0 830.0 58.0 certaines conditions, on ne fait point auec lui

225.0 237.0 829.0 57.0 nouuelle capitulation, quand on veut que l’an¬

227.0 284.0 827.0 58.0 cienne vaille, & ſoit obſeruee par lui: ou bien

228.0 333.0 824.0 61.0 qu’il face place à vn qui la tiendra mieux que

225.0 380.0 826.0 58.0 lui. Et ſ’il faut venir aux exemples, Ie penſe en a¬

225.0 428.0 825.0 59.0 uoir aſſes allegué ci deſſus, pour monſtrer qu’v¬

224.0 477.0 825.0 59.0 ne telle maxime, aſſauoir qu’il faille touſiours

227.0 526.0 822.0 58.0 prendre en paiement le plaiſir de ſon Roi, n’eſt

223.0 573.0 823.0 61.0 fondee niſur raiſon, ni ſur aucun droit vſage des

223.0 624.0 466.0 55.0 monarchies bien reiglees.

269.0 668.0 775.0 60.0 Il me reſte à reſpondre à vn point de treſgran¬

227.0 718.0 818.0 59.0 de conſequence, c’eſt aſſauoir, Cas aduenant

230.0 767.0 808.0 58.0 que la Tyrannie ſ’exerce en matiere de Religiõ,

228.0 813.0 812.0 57.0 i’il eſt licite auec les conditions & diſtinctions

228.0 858.0 811.0 64.0 ci-deſſus mentionnees, de repouſſer par armes

228.0 905.0 811.0 66.0 la perſecution. Les principalles raiſons de ceſte

217.0 960.0 822.0 56.0 doute ſont, Que la Religion concernant les cõ¬

216.0 1008.0 822.0 54.0 ſciences, qui ne ſe peuuent iamais forcer, il ſ'en¬

215.0 1056.0 821.0 57.0 ſuit qu’elle ne ſe peut plãter par armes. Et pour¬

217.0 1110.0 818.0 50.0 tant auſſi nous voions qu’elle a pluſtoſt eſté ad¬

216.0 1152.0 817.0 58.0 uancee par la predication de la Parolle de Dieu,

215.0 1201.0 820.0 54.0 & par prieres & patience. On adiouſte ſur cela

214.0 1248.0 821.0 57.0 les paſſages de l’Eſcriture, qui monſtrent la dif¬

212.0 1299.0 822.0 51.0 ference qu’il y a entre le Roiaume de ce mon¬

211.0 1344.0 824.0 55.0 de, & le Roiaume ſpirituel. Puis on adiouſte

213.0 1394.0 818.0 55.0 encores à tout cela, l’exemple des fideles Pro¬

213.0 1440.0 820.0 56.0 phetes, de Ieſus Chriſt lui-meſmes, auquel tou¬

213.0 1491.0 817.0 55.0 te authorité, toute force & puiſſance apparte¬

213.0 1541.0 818.0 51.0 noit, qui touteſ-fois n’a vſé d’aucune voie de

212.0 1585.0 818.0 57.0 fait, comme n’ont fait auſſi les Apoſtres, ne les

213.0 1635.0 817.0 55.0 anciens martyrs, qui les ont enſuiuiz, iuſques à

212.0 1683.0 815.0 61.0 ce point qu’il y a eu meſmes des legious toutes

72.0 668.0 145.0 49.0 eſtant per

72.0 710.0 142.0 43.0 cuté pour

76.0 745.0 136.0 46.0 Religion

71.0 783.0 144.0 54.0 n ſe peutde

65.0 820.0 148.0 53.0 ndre par

68.0 860.0 145.0 53.0 mes en bõ

71.0 901.0 135.0 59.0 e conſciẽce
