1132 1824
421.0 135.0 38.0 59.0 35

25.0 182.0 824.0 54.0 Roi qu’il regnera ſelon les loix eſtablies, & les

26.0 235.0 825.0 57.0 Ephores qu’ils lui garderont la ville, pourueu

28.0 280.0 428.0 58.0 qu’il garde ſon ſerment.

65.0 326.0 782.0 58.0 Ie vien maintenant à la police Iſraëlitique, la

26.0 378.0 812.0 55.0 pl’ accomplie ſans comparaiſon qui fut iamais

26.0 425.0 820.0 49.0 ſi les Iſraëlites ſ'en fuſſent contentez. Premiere¬

28.0 474.0 821.0 54.0 ment donc il y a eu cela, qui l’eſleue meſmes iuſ¬

30.0 525.0 819.0 53.0 ques par deſſus les cieux, c’eſt que du commen¬

29.0 569.0 820.0 54.0 cemẽt l’Eternel ſeul lui-meſmes en a eſté le Mo¬

28.0 620.0 820.0 56.0 narque, non ſeulement entant qu’il eſt Seigneur

28.0 666.0 821.0 50.0 ſouuerain de toutes choſes, mais auſſi en vne fa¬

32.0 713.0 820.0 58.0 çon particuliere, aiant meſme en façon viſible

31.0 763.0 822.0 55.0 donné les Loix par Moyſe, & puis introduit ſon

34.0 809.0 819.0 53.0 Peuple par Ioſué en la terre promiſe, & finale¬

30.0 855.0 819.0 53.0 ment gouuerné par ceux que lui-meſmes ſeul a¬

34.0 905.0 818.0 56.0 uoit immediatement choiſis, qu’on a appellé Iu

36.0 959.0 817.0 50.0 ges. Durant ce temps là donc la police d’Iſraël a

34.0 1000.0 819.0 57.0 eſté vraiement Monarchique (cõbien que Dieu

36.0 1048.0 818.0 58.0 ſe ſeruiſt de qui bon lui ſembloit) Et ſ'il ſe pou¬

37.0 1098.0 817.0 56.0 uoit faire que les Roiaumes euſſent vn tel Mo¬

37.0 1152.0 818.0 50.0 narque, ou que ceux qui en ſont monarques, ſe

37.0 1192.0 819.0 57.0 laiſſaſſent touſiours gouuerner par celui qui eſt

40.0 1241.0 815.0 54.0 vraiemẽtle Souuerain de tout le monde, la que¬

39.0 1289.0 814.0 57.0 ſtion que nous traittons, ſeroit auſſi ſuperflue,

40.0 1338.0 816.0 53.0 cõme elle eſt maintenant neceſſaire. Ceſt heu¬

43.0 1383.0 810.0 58.0 reux eſtat, & qui n’aduint iamais à autre peuple,

42.0 1431.0 815.0 59.0 ſe changea d’vne eſtrãge façon. Car au lieu que

43.0 1480.0 813.0 55.0 les Monarchies des autres peuples ſe ſont chan¬

45.0 1531.0 809.0 56.0 gees en Tyrãnies par la coulpe des Monarques,

45.0 1576.0 810.0 58.0 les Iſraëlites ne recognoiſſans vn tel bien, con¬

45.0 1627.0 812.0 54.0 traignirent, par maniere de dire, leur vrai Mo¬

47.0 1677.0 811.0 59.0 narque, qui ne pouuoit iamais deuenir Tyran, à

591.0 1720.0 77.0 76.0 E 2

852.0 320.0 173.0 55.0 Exemple de

852.0 371.0 156.0 41.0 la monar¬

852.0 406.0 175.0 59.0 chie d’Iſrael.

858.0 839.0 121.0 98.0 Iug.2.16
