<?xml version="1.0" encoding="UTF-8"?>
<alto xmlns:xsi="http://www.w3.org/2001/XMLSchema-instance"
      xmlns="http://www.loc.gov/standards/alto/ns-v4#"
      xsi:schemaLocation="http://www.loc.gov/standards/alto/ns-v4# http://www.loc.gov/standards/alto/v4/alto-4-2.xsd">
  <Description>
    <MeasurementUnit>pixel</MeasurementUnit>
    <sourceImageInformation>
      <fileName>24_d7095_default.jpg</fileName>
      <fileIdentifier>mets//83_796e0_default.zip/24_d7095_default.jpg</fileIdentifier>
    </sourceImageInformation>
  </Description>
  <Tags>
    <OtherTag ID="BT7" LABEL="CustomZone" DESCRIPTION="block type CustomZone"/><OtherTag ID="BT8" LABEL="DamageZone" DESCRIPTION="block type DamageZone"/><OtherTag ID="BT9" LABEL="DigitizationArtefactZone" DESCRIPTION="block type DigitizationArtefactZone"/><OtherTag ID="BT10" LABEL="DropCapitalZone" DESCRIPTION="block type DropCapitalZone"/><OtherTag ID="BT11" LABEL="GraphicZone" DESCRIPTION="block type GraphicZone"/><OtherTag ID="BT12" LABEL="MainZone" DESCRIPTION="block type MainZone"/><OtherTag ID="BT13" LABEL="MarginTextZone" DESCRIPTION="block type MarginTextZone"/><OtherTag ID="BT14" LABEL="MusicZone" DESCRIPTION="block type MusicZone"/><OtherTag ID="BT15" LABEL="NumberingZone" DESCRIPTION="block type NumberingZone"/><OtherTag ID="BT17" LABEL="QuireMarksZone" DESCRIPTION="block type QuireMarksZone"/><OtherTag ID="BT18" LABEL="RunningTitleZone" DESCRIPTION="block type RunningTitleZone"/><OtherTag ID="BT19" LABEL="SealZone" DESCRIPTION="block type SealZone"/><OtherTag ID="BT20" LABEL="StampZone" DESCRIPTION="block type StampZone"/><OtherTag ID="BT21" LABEL="TableZone" DESCRIPTION="block type TableZone"/><OtherTag ID="BT22" LABEL="TitlePageZone" DESCRIPTION="block type TitlePageZone"/><OtherTag ID="BT2582" LABEL="MainZone-Head" DESCRIPTION="block type MainZone-Head"/><OtherTag ID="BT2583" LABEL="MainZone-P" DESCRIPTION="block type MainZone-P"/><OtherTag ID="BT2584" LABEL="MarginTextZone-Notes" DESCRIPTION="block type MarginTextZone-Notes"/><OtherTag ID="BT2585" LABEL="MainZone-Continued" DESCRIPTION="block type MainZone-Continued"/>
    <OtherTag ID="LT7" LABEL="CustomLine" DESCRIPTION="line type CustomLine"/><OtherTag ID="LT8" LABEL="DefaultLine" DESCRIPTION="line type DefaultLine"/><OtherTag ID="LT9" LABEL="DropCapitalLine" DESCRIPTION="line type DropCapitalLine"/><OtherTag ID="LT10" LABEL="HeadingLine" DESCRIPTION="line type HeadingLine"/><OtherTag ID="LT11" LABEL="InterlinearLine" DESCRIPTION="line type InterlinearLine"/><OtherTag ID="LT12" LABEL="MusicLine" DESCRIPTION="line type MusicLine"/>
  </Tags>
  <Layout>
    <Page WIDTH="1132"
          HEIGHT="1824"
          PHYSICAL_IMG_NR="24"
          ID="eSc_dummypage_">
      <PrintSpace HPOS="0"
                  VPOS="0"
                  WIDTH="1132"
                  HEIGHT="1824">
        <TextBlock HPOS="445.0"
                   VPOS="135.0"
                   WIDTH="66.0"
                   HEIGHT="52.0"
                   ID="eSc_textblock_5474b1b0"
                   TAGREFS="BT15">
          <Shape><Polygon POINTS="445 135 445 187 511 186 511 135"/></Shape>
          <TextLine ID="eSc_line_cf57ef3f"
                    TAGREFS="LT8"
                    BASELINE="450 170 490 170" 
                    HPOS="450.0"
                    VPOS="141.0"
                    WIDTH="40.0"
                    HEIGHT="42.0">
            <Shape><Polygon POINTS="481 141 471 141 469 141 450 141 450 170 450 181 489 183 490 170 489 141 481 141"/></Shape>
	    <String CONTENT="25"
                    HPOS="450.0"
                    VPOS="141.0"
                    WIDTH="40.0"
                    HEIGHT="42.0"
                    WC="0.9997148215770721"></String>
          </TextLine>
        </TextBlock>
        <TextBlock HPOS="51.0"
                   VPOS="185.0"
                   WIDTH="834.0"
                   HEIGHT="1534.0"
                   ID="eSc_textblock_9d5ff597"
                   TAGREFS="BT2585">
          <Shape><Polygon POINTS="51 187 58 1719 885 1719 885 185"/></Shape>
          <TextLine ID="eSc_line_162bed4a"
                    TAGREFS="LT8"
                    BASELINE="57 217 471 215 876 222" 
                    HPOS="56.0"
                    VPOS="179.0"
                    WIDTH="820.0"
                    HEIGHT="59.0">
            <Shape><Polygon POINTS="868 188 864 186 858 185 848 185 838 185 827 185 822 184 810 192 710 192 688 191 675 191 655 180 654 180 653 180 652 180 616 190 542 179 541 179 473 185 404 179 403 179 402 179 375 189 374 189 302 182 300 182 299 182 298 182 288 188 259 187 238 179 230 179 229 179 200 187 82 181 81 181 80 181 57 187 57 217 56 226 124 233 125 233 126 233 136 228 141 225 237 225 244 230 252 234 253 234 254 234 287 230 318 226 365 226 376 231 383 234 384 234 385 234 386 234 391 232 398 228 438 232 449 233 450 233 451 233 455 232 471 228 491 233 501 235 502 235 503 235 507 233 516 228 539 233 542 234 543 234 544 234 545 234 546 233 556 229 641 229 669 235 676 236 677 236 688 235 731 230 740 236 741 237 742 237 743 237 744 238 875 238 876 222 876 199 868 188"/></Shape>
	    <String CONTENT="commis: à quoi-meſmes ils ſont aſtreints par ſer"
                    HPOS="56.0"
                    VPOS="179.0"
                    WIDTH="820.0"
                    HEIGHT="59.0"
                    WC="0.9981849959918431"></String>
          </TextLine>
          <TextLine ID="eSc_line_eb5cd88e"
                    TAGREFS="LT8"
                    BASELINE="55 266 478 264 877 269" 
                    HPOS="54.0"
                    VPOS="228.0"
                    WIDTH="823.0"
                    HEIGHT="55.0">
            <Shape><Polygon POINTS="55 266 54 275 91 280 92 280 128 276 136 275 143 276 176 281 177 281 178 281 195 276 203 274 217 276 249 281 250 281 251 281 252 281 258 276 261 274 267 276 278 280 279 280 280 280 309 276 322 275 324 276 332 282 333 282 334 282 335 282 336 282 350 277 355 275 387 275 391 277 398 282 399 282 400 282 401 282 439 277 456 275 469 277 486 280 487 280 488 280 498 277 506 275 509 277 515 281 516 281 517 281 518 281 519 281 532 277 540 275 555 277 579 281 580 281 581 281 591 277 596 276 605 277 623 281 624 281 673 278 703 276 709 278 720 282 721 282 722 282 723 282 738 278 746 276 755 278 771 283 772 283 773 283 876 278 877 269 877 240 849 231 848 231 847 231 846 231 845 231 832 240 801 240 798 240 798 239 779 230 778 230 777 230 776 230 775 230 762 239 708 239 692 239 673 230 672 230 671 230 642 236 614 230 613 230 612 230 584 239 570 229 569 229 568 229 567 229 402 238 381 229 380 229 350 229 349 229 348 229 324 238 312 229 311 229 310 229 289 228 288 228 287 228 261 237 170 228 169 228 168 228 167 228 156 237 100 237 89 231 88 231 87 231 86 231 55 237 55 266"/></Shape>
	    <String CONTENT="ment (duquel ne les peut abſoudre la coulpe de"
                    HPOS="54.0"
                    VPOS="228.0"
                    WIDTH="823.0"
                    HEIGHT="55.0"
                    WC="0.9986954849699269"></String>
          </TextLine>
          <TextLine ID="eSc_line_61bb6722"
                    TAGREFS="LT8"
                    BASELINE="56 312 876 317" 
                    HPOS="55.0"
                    VPOS="274.0"
                    WIDTH="821.0"
                    HEIGHT="61.0">
            <Shape><Polygon POINTS="56 312 55 321 133 330 134 331 216 331 216 330 217 330 244 323 245 323 246 323 299 331 300 331 302 331 326 323 328 323 381 323 382 324 387 328 388 328 389 328 390 328 524 325 527 325 529 325 569 333 570 334 591 334 591 333 592 333 593 333 604 325 605 325 670 325 672 326 686 332 687 332 688 332 689 332 690 332 698 326 699 326 705 326 721 326 759 334 760 335 863 335 863 334 864 334 865 334 875 327 876 317 875 278 843 278 842 278 841 278 840 278 819 290 787 283 786 283 785 283 763 290 691 287 681 279 680 279 678 279 677 279 676 279 675 279 659 289 602 289 585 280 577 277 576 277 551 277 550 277 549 277 548 277 543 281 534 287 527 282 526 282 525 282 524 282 486 286 478 281 475 279 474 279 473 279 472 279 471 279 465 282 454 287 443 282 432 276 431 276 430 276 429 276 413 282 410 283 407 282 385 275 384 275 383 275 382 275 358 283 343 287 329 283 304 275 303 275 250 275 249 275 248 275 228 284 219 287 126 287 123 285 99 274 98 274 97 274 96 274 95 274 79 285 77 286 56 286 56 312"/></Shape>
	    <String CONTENT="celui, qui de Roi eſt deuenu Tyran &amp; tranſgreſ¬"
                    HPOS="55.0"
                    VPOS="274.0"
                    WIDTH="821.0"
                    HEIGHT="61.0"
                    WC="0.9995731394341651"></String>
          </TextLine>
          <TextLine ID="eSc_line_56d52b24"
                    TAGREFS="LT8"
                    BASELINE="54 360 876 364" 
                    HPOS="54.0"
                    VPOS="322.0"
                    WIDTH="822.0"
                    HEIGHT="60.0">
            <Shape><Polygon POINTS="54 360 54 376 79 371 140 375 141 375 142 375 164 369 209 376 210 376 259 368 279 374 280 374 281 374 445 369 471 375 472 375 473 375 573 371 615 380 617 380 618 380 620 380 660 370 670 375 671 375 672 375 698 371 720 381 721 381 722 381 723 382 839 382 839 381 840 381 855 375 873 381 876 364 875 337 851 337 850 336 824 326 823 326 822 326 821 326 801 335 799 337 778 337 774 335 758 326 757 326 756 326 755 326 731 334 730 334 729 334 705 326 704 326 703 326 702 326 681 333 671 336 663 333 646 325 645 325 644 325 618 330 612 325 611 325 610 325 609 325 608 325 595 331 587 336 540 336 530 330 521 325 520 325 519 325 518 325 481 328 480 328 479 328 478 329 468 335 402 335 390 328 385 324 384 324 383 324 382 324 366 327 338 334 323 329 322 329 321 329 291 334 255 325 246 323 245 323 244 323 243 323 237 325 224 329 209 324 205 323 204 323 203 323 202 323 201 323 200 324 187 334 107 334 90 323 89 323 88 323 54 322 54 360"/></Shape>
	    <String CONTENT="ſe manifeſtement les conditions, ſous leſquelles"
                    HPOS="54.0"
                    VPOS="322.0"
                    WIDTH="822.0"
                    HEIGHT="60.0"
                    WC="0.9870074254771074"></String>
          </TextLine>
          <TextLine ID="eSc_line_4df6f6b5"
                    TAGREFS="LT8"
                    BASELINE="54 408 876 412" 
                    HPOS="53.0"
                    VPOS="371.0"
                    WIDTH="823.0"
                    HEIGHT="59.0">
            <Shape><Polygon POINTS="54 408 53 416 134 424 135 424 178 420 200 426 201 426 202 426 203 426 222 418 298 424 299 424 332 419 342 426 343 426 344 426 345 426 346 426 347 426 356 420 380 424 381 424 429 419 446 427 447 427 448 427 497 420 521 428 522 428 523 429 601 429 601 428 645 421 670 429 671 429 672 429 711 421 736 421 746 429 747 429 748 429 749 430 850 430 850 429 851 429 875 420 876 412 874 383 719 385 712 382 699 374 698 374 697 374 696 374 681 381 670 385 660 381 641 373 640 373 639 373 638 373 612 381 602 383 592 381 567 373 566 373 565 373 533 380 525 373 524 373 523 373 480 373 479 373 478 373 464 380 457 383 422 383 417 380 403 372 402 372 401 372 371 378 355 383 285 381 281 378 260 371 259 371 215 371 214 371 213 371 212 371 204 377 198 383 114 383 103 377 88 371 87 371 86 371 54 376 54 408"/></Shape>
	    <String CONTENT="il auoit eſté receu Roi, &amp; leſquelles il auoit iu¬"
                    HPOS="53.0"
                    VPOS="371.0"
                    WIDTH="823.0"
                    HEIGHT="59.0"
                    WC="0.9952158109814513"></String>
          </TextLine>
          <TextLine ID="eSc_line_01382c71"
                    TAGREFS="LT8"
                    BASELINE="56 457 876 462" 
                    HPOS="55.0"
                    VPOS="420.0"
                    WIDTH="821.0"
                    HEIGHT="58.0">
            <Shape><Polygon POINTS="56 457 55 465 104 474 105 475 155 475 155 474 156 474 157 474 166 467 180 472 181 472 182 472 183 472 193 467 257 468 266 475 267 475 268 475 269 475 310 469 343 475 344 475 380 468 425 473 426 473 507 469 549 477 550 477 615 470 667 477 668 477 669 477 683 470 684 470 712 470 728 476 729 476 730 476 758 471 768 478 769 478 770 478 771 478 772 478 786 472 863 478 864 478 865 478 866 478 875 471 876 462 875 435 829 435 828 434 809 424 808 424 807 424 765 433 761 434 756 433 732 428 731 428 730 428 720 432 707 423 706 423 705 423 704 423 703 423 685 432 658 423 657 423 656 423 655 423 627 432 622 433 547 433 544 431 526 422 525 422 479 422 478 422 477 422 476 422 464 430 461 432 443 430 384 421 383 421 348 429 336 432 290 432 284 428 272 421 271 421 270 421 269 421 239 428 236 428 233 427 209 420 208 420 207 420 206 420 205 420 196 427 192 431 155 431 147 427 139 421 138 421 137 421 136 421 135 421 119 426 107 430 56 426 56 457"/></Shape>
	    <String CONTENT="rees) n’eſt-il pas raiſonnable par tout droit diuin"
                    HPOS="55.0"
                    VPOS="420.0"
                    WIDTH="821.0"
                    HEIGHT="58.0"
                    WC="0.994501390877892"></String>
          </TextLine>
          <TextLine ID="eSc_line_0f80368b"
                    TAGREFS="LT8"
                    BASELINE="57 504 877 508" 
                    HPOS="56.0"
                    VPOS="470.0"
                    WIDTH="821.0"
                    HEIGHT="55.0">
            <Shape><Polygon POINTS="57 504 56 512 109 520 110 520 111 520 126 514 132 519 133 519 134 519 135 519 204 514 214 514 219 514 263 523 264 523 312 516 325 514 345 516 382 520 383 520 384 520 392 517 394 516 395 517 411 523 412 523 413 523 447 517 450 517 451 517 467 524 468 524 469 524 515 518 542 515 611 515 617 519 623 524 624 524 625 524 671 525 672 525 673 525 674 525 681 520 684 518 691 520 704 524 705 524 706 524 707 524 708 524 713 520 718 518 755 518 762 521 766 524 767 524 768 524 769 524 770 524 771 524 774 521 782 516 802 522 815 525 816 525 817 525 876 522 877 508 877 481 860 473 859 473 858 473 809 479 801 473 800 473 799 473 743 473 742 473 741 473 740 473 730 481 716 481 696 481 620 481 620 480 608 472 607 472 606 472 582 472 581 472 580 472 579 472 567 480 553 473 552 473 551 473 550 473 525 480 524 480 514 472 513 472 512 472 511 472 469 478 412 471 411 471 368 479 365 479 349 479 236 474 235 474 191 478 184 478 182 478 168 473 167 473 166 473 131 477 126 478 124 477 115 470 114 470 113 470 70 470 69 470 68 470 57 475 57 504"/></Shape>
	    <String CONTENT="&amp;humain, que quelque choſe ſoit permiſe à tels"
                    HPOS="56.0"
                    VPOS="470.0"
                    WIDTH="821.0"
                    HEIGHT="55.0"
                    WC="0.9796268166379726"></String>
          </TextLine>
          <TextLine ID="eSc_line_e31a35c5"
                    TAGREFS="LT8"
                    BASELINE="57 553 877 556" 
                    HPOS="56.0"
                    VPOS="518.0"
                    WIDTH="821.0"
                    HEIGHT="53.0">
            <Shape><Polygon POINTS="57 553 56 561 67 567 68 567 69 567 120 563 162 569 163 569 164 569 186 563 272 563 331 570 332 570 369 564 400 564 408 570 409 570 410 570 411 570 569 564 658 571 659 571 660 571 661 571 671 565 734 571 735 571 876 564 877 556 876 529 851 529 851 528 834 520 833 520 812 520 811 520 810 520 809 520 799 528 797 529 766 529 764 527 752 520 751 520 750 520 727 520 726 520 725 520 724 520 715 527 714 527 712 527 693 520 692 520 691 520 690 520 676 526 674 528 605 528 596 525 581 519 580 519 579 519 578 519 556 525 546 527 536 524 518 519 517 519 516 519 515 519 506 524 502 526 488 524 475 522 474 522 464 523 442 527 434 523 431 522 430 522 429 522 418 523 384 527 363 522 348 519 347 519 346 519 340 522 330 527 298 521 278 518 246 518 245 518 244 518 237 521 221 526 57 519 57 553"/></Shape>
	    <String CONTENT="inferieurs Magiſtrats pour le deuoir de leur ſer¬"
                    HPOS="56.0"
                    VPOS="518.0"
                    WIDTH="821.0"
                    HEIGHT="53.0"
                    WC="0.9985614151370769"></String>
          </TextLine>
          <TextLine ID="eSc_line_f137de21"
                    TAGREFS="LT8"
                    BASELINE="57 599 878 605" 
                    HPOS="56.0"
                    VPOS="567.0"
                    WIDTH="822.0"
                    HEIGHT="54.0">
            <Shape><Polygon POINTS="57 599 56 610 876 621 878 605 877 572 831 580 731 574 730 574 687 579 665 573 664 573 663 573 621 579 609 573 604 570 602 570 579 570 578 570 577 570 572 573 562 578 541 573 537 572 536 572 535 572 534 572 531 573 512 578 503 573 499 570 498 570 497 570 469 569 468 569 467 569 458 573 455 574 449 573 430 569 429 569 428 569 420 573 416 575 408 573 395 570 394 570 393 570 373 573 358 576 355 573 349 569 348 569 347 569 346 569 345 569 344 569 339 573 334 577 314 574 281 568 280 568 244 574 229 576 220 574 210 571 209 571 208 571 190 574 183 575 180 574 165 567 164 567 133 567 132 567 131 567 118 574 115 575 57 575 57 599"/></Shape>
	    <String CONTENT="mẽt &amp; conſeruation des loix, plus qu’à ceux qui"
                    HPOS="56.0"
                    VPOS="567.0"
                    WIDTH="822.0"
                    HEIGHT="54.0"
                    WC="0.9944324201467086"></String>
          </TextLine>
          <TextLine ID="eSc_line_647fb5b9"
                    TAGREFS="LT8"
                    BASELINE="57 648 876 653" 
                    HPOS="56.0"
                    VPOS="614.0"
                    WIDTH="820.0"
                    HEIGHT="57.0">
            <Shape><Polygon POINTS="57 648 56 655 90 664 91 664 92 664 127 657 184 664 185 664 186 664 199 658 213 665 214 665 215 665 216 665 240 659 271 667 272 667 273 668 311 668 311 667 312 667 329 658 331 658 382 664 383 664 443 659 447 659 448 659 467 668 468 668 469 668 536 660 544 659 546 660 550 664 551 664 552 664 553 664 593 663 602 669 604 669 605 669 606 669 607 669 608 669 618 661 620 660 636 661 719 666 720 666 721 666 733 662 735 661 737 662 749 668 750 668 751 668 780 663 806 670 807 670 808 671 863 671 863 670 864 670 865 670 875 663 876 653 876 626 868 621 867 621 866 621 865 621 805 626 800 626 796 626 755 619 753 619 728 625 721 626 716 624 698 618 697 618 696 618 612 623 567 625 418 625 403 619 399 618 398 618 397 618 396 618 395 618 394 619 388 624 379 619 372 616 371 616 370 616 353 618 323 624 221 624 156 615 151 615 149 615 148 615 135 622 128 616 127 616 126 616 57 614 57 648"/></Shape>
	    <String CONTENT="ſont du tout perſonnes priuees, &amp; ſans charge?"
                    HPOS="56.0"
                    VPOS="614.0"
                    WIDTH="820.0"
                    HEIGHT="57.0"
                    WC="0.9990574808224387"></String>
          </TextLine>
          <TextLine ID="eSc_line_a038be26"
                    TAGREFS="LT8"
                    BASELINE="58 696 875 702" 
                    HPOS="57.0"
                    VPOS="658.0"
                    WIDTH="818.0"
                    HEIGHT="59.0">
            <Shape><Polygon POINTS="58 696 57 704 162 712 163 712 188 707 193 706 198 707 232 713 233 713 303 708 327 707 330 709 336 714 337 714 338 714 339 714 340 714 354 709 359 708 367 709 391 714 392 714 393 714 402 710 406 708 442 708 450 711 467 715 468 715 469 715 508 712 540 709 568 713 587 715 588 715 589 715 590 715 593 713 599 709 610 713 617 716 618 716 619 716 620 716 625 714 633 710 737 710 755 716 757 716 758 716 759 716 768 716 836 711 873 717 875 702 875 671 863 663 862 663 861 663 860 663 859 663 834 672 826 674 822 672 808 663 807 663 806 663 805 663 804 663 788 671 783 674 739 674 727 670 722 669 721 669 720 669 709 670 690 673 685 670 673 662 672 662 671 662 670 662 625 669 619 670 617 669 597 661 596 661 595 661 594 661 568 669 557 672 549 668 533 661 532 661 531 661 512 662 511 662 510 662 503 668 498 671 431 671 426 667 416 660 415 660 414 660 334 660 333 660 332 660 317 666 305 670 181 670 174 664 166 658 165 658 164 658 118 658 117 658 116 658 106 663 99 667 88 663 72 658 71 658 70 658 69 658 58 662 58 696"/></Shape>
	    <String CONTENT="Ie di donc, que ſ’ils ſont reduits à telle neceſſité,"
                    HPOS="57.0"
                    VPOS="658.0"
                    WIDTH="818.0"
                    HEIGHT="59.0"
                    WC="0.9842740990898826"></String>
          </TextLine>
          <TextLine ID="eSc_line_d59ebc50"
                    TAGREFS="LT8"
                    BASELINE="58 744 872 748" 
                    HPOS="58.0"
                    VPOS="708.0"
                    WIDTH="814.0"
                    HEIGHT="60.0">
            <Shape><Polygon POINTS="58 744 58 755 117 755 118 755 132 763 133 763 134 763 135 763 147 756 149 755 172 756 231 761 232 761 233 761 245 757 257 754 262 758 269 765 270 765 271 765 272 766 307 766 307 765 308 765 309 765 316 758 320 755 332 760 343 763 344 763 345 763 371 760 406 755 417 761 427 765 428 765 429 766 463 766 463 765 464 765 471 762 481 756 509 762 521 764 522 764 523 764 524 764 526 762 533 757 666 756 680 763 681 763 682 763 718 758 731 765 735 767 736 767 737 768 871 768 872 748 872 720 851 711 850 711 849 711 848 711 827 719 825 721 785 721 779 719 744 711 743 711 742 711 741 711 731 719 728 721 711 721 708 718 699 711 698 711 697 711 668 710 667 710 594 717 574 719 554 717 526 714 525 714 524 714 523 714 519 717 514 719 453 719 445 716 433 712 432 712 431 712 430 712 416 716 414 716 413 716 398 709 397 709 353 709 352 709 351 709 350 709 340 715 335 718 328 715 314 709 313 709 312 709 311 709 290 715 276 718 176 718 159 713 133 708 132 708 58 712 58 744"/></Shape>
	    <String CONTENT="ils ſont tenus (meſmes par armes ſi faire ſe peut)"
                    HPOS="58.0"
                    VPOS="708.0"
                    WIDTH="814.0"
                    HEIGHT="60.0"
                    WC="0.9868118262290955"></String>
          </TextLine>
          <TextLine ID="eSc_line_df6c6ae8"
                    TAGREFS="LT8"
                    BASELINE="59 792 878 796" 
                    HPOS="59.0"
                    VPOS="760.0"
                    WIDTH="819.0"
                    HEIGHT="53.0">
            <Shape><Polygon POINTS="59 792 59 807 275 803 336 809 366 811 367 811 368 811 369 811 372 809 382 803 465 803 477 809 481 812 482 812 483 812 484 813 542 813 542 812 543 812 553 809 573 804 640 804 660 810 672 813 673 813 674 813 691 810 710 806 735 810 757 813 758 813 772 810 790 806 876 810 878 796 878 770 852 763 851 763 812 763 811 763 810 763 792 770 790 770 779 769 712 764 711 764 688 768 677 770 604 770 599 767 592 763 591 763 590 763 589 763 545 767 512 769 507 766 501 762 500 762 499 762 469 761 468 761 467 761 453 765 443 768 430 765 410 761 409 761 408 761 397 765 386 769 287 769 279 763 278 762 277 762 276 762 275 762 274 762 270 763 258 768 206 768 196 762 193 761 192 761 191 761 178 762 129 767 113 761 110 760 109 760 108 760 59 760 59 792"/></Shape>
	    <String CONTENT="de pouruoir contre vne Tyrannie toute manife¬"
                    HPOS="59.0"
                    VPOS="760.0"
                    WIDTH="819.0"
                    HEIGHT="53.0"
                    WC="0.9929593139224582"></String>
          </TextLine>
          <TextLine ID="eSc_line_11327829"
                    TAGREFS="LT8"
                    BASELINE="58 839 874 847" 
                    HPOS="57.0"
                    VPOS="802.0"
                    WIDTH="817.0"
                    HEIGHT="60.0">
            <Shape><Polygon POINTS="58 839 57 846 78 854 79 854 80 854 81 854 82 854 91 848 100 855 101 855 102 855 103 855 104 855 128 848 141 853 142 853 143 853 242 850 253 850 258 850 303 857 304 857 345 852 364 850 397 853 420 855 421 855 433 854 455 851 470 854 481 857 482 857 483 857 484 857 491 855 498 853 502 855 508 859 509 859 510 859 511 860 542 860 542 859 543 859 544 859 547 856 552 853 624 853 636 858 639 859 640 859 641 859 642 859 647 858 667 853 691 859 700 861 701 861 702 861 711 859 733 854 748 860 751 861 752 861 872 862 874 847 872 817 799 817 795 815 787 809 786 809 785 809 760 808 759 808 758 808 745 814 739 817 707 814 689 812 688 812 687 812 684 813 677 817 671 813 668 811 667 811 666 811 665 811 654 813 634 816 607 812 567 806 566 806 565 806 551 811 540 816 479 816 467 810 465 809 464 809 463 809 456 809 408 814 399 808 394 805 393 805 392 805 391 805 390 805 382 808 366 814 266 814 251 806 245 803 244 803 206 803 205 803 204 803 199 805 181 812 166 804 161 802 160 802 135 802 134 802 133 802 132 802 130 804 121 810 58 803 58 839"/></Shape>
	    <String CONTENT="ſte, à la ſaluation de ceux qu’ils ont en charge,"
                    HPOS="57.0"
                    VPOS="802.0"
                    WIDTH="817.0"
                    HEIGHT="60.0"
                    WC="0.997476224899292"></String>
          </TextLine>
          <TextLine ID="eSc_line_5544713f"
                    TAGREFS="LT8"
                    BASELINE="57 886 878 891" 
                    HPOS="56.0"
                    VPOS="853.0"
                    WIDTH="822.0"
                    HEIGHT="57.0">
            <Shape><Polygon POINTS="57 886 56 895 78 902 79 902 80 902 101 898 111 906 112 906 113 906 114 906 190 897 218 904 219 904 220 904 252 898 272 907 273 907 274 907 320 902 327 907 328 907 329 907 330 907 382 906 383 906 398 899 431 899 464 908 465 908 466 908 467 908 486 900 534 900 552 908 553 908 554 908 591 900 606 909 607 909 608 909 609 910 654 910 654 909 655 909 677 900 703 900 704 900 744 906 745 906 821 901 863 909 864 909 865 909 866 909 877 901 878 891 877 865 848 865 848 864 840 858 839 858 838 858 837 858 836 858 822 864 821 864 794 859 793 859 772 863 763 857 762 857 761 857 760 857 688 863 678 856 677 856 676 856 608 856 607 856 606 856 588 863 586 863 490 863 490 862 479 857 478 857 477 857 413 862 403 862 400 862 379 855 378 855 376 855 375 855 354 861 353 862 237 862 235 861 216 853 215 853 170 853 169 853 168 853 143 860 142 860 140 860 99 853 98 853 97 853 83 860 82 860 57 860 57 886"/></Shape>
	    <String CONTENT="iuſques à ce que par commune deliberation des"
                    HPOS="56.0"
                    VPOS="853.0"
                    WIDTH="822.0"
                    HEIGHT="57.0"
                    WC="0.9896214008331299"></String>
          </TextLine>
          <TextLine ID="eSc_line_73c280a2"
                    TAGREFS="LT8"
                    BASELINE="58 932 879 939" 
                    HPOS="57.0"
                    VPOS="900.0"
                    WIDTH="822.0"
                    HEIGHT="55.0">
            <Shape><Polygon POINTS="57 941 114 949 115 949 116 949 132 945 203 950 204 950 205 950 224 944 232 950 233 950 234 950 235 950 265 945 280 950 281 950 410 952 411 952 525 946 565 953 566 953 762 948 824 955 825 955 878 948 879 939 878 916 790 915 789 914 766 905 765 905 704 905 703 905 702 905 684 912 682 913 676 912 633 904 632 904 606 910 600 912 594 910 560 904 559 904 558 904 557 904 549 909 547 912 421 912 320 912 312 906 306 902 305 902 304 902 303 902 302 902 290 905 278 909 257 905 237 901 236 901 217 904 191 909 127 908 117 903 111 900 110 900 109 900 96 902 72 907 59 902 58 932 57 941"/></Shape>
	    <String CONTENT="eſtats, ou de ceus que portent les loix du Roiau¬"
                    HPOS="57.0"
                    VPOS="900.0"
                    WIDTH="822.0"
                    HEIGHT="55.0"
                    WC="0.9986516930619065"></String>
          </TextLine>
          <TextLine ID="eSc_line_80ac01de"
                    TAGREFS="LT8"
                    BASELINE="58 981 879 986" 
                    HPOS="57.0"
                    VPOS="947.0"
                    WIDTH="822.0"
                    HEIGHT="59.0">
            <Shape><Polygon POINTS="58 981 57 991 95 1000 96 1000 97 1000 115 992 116 992 153 997 154 997 213 993 239 1002 240 1002 241 1002 289 993 290 993 291 993 317 1002 318 1002 319 1002 320 1002 340 993 351 993 375 993 378 993 403 1001 404 1001 405 1001 467 994 469 994 484 1003 485 1003 486 1003 487 1003 529 997 561 1004 562 1004 685 995 693 995 695 995 713 1001 714 1001 715 1001 741 998 751 1005 752 1005 753 1005 755 1006 800 1006 800 1005 801 1005 802 1005 815 997 844 1005 845 1005 846 1005 847 1005 878 996 879 986 878 960 741 960 738 958 715 950 714 950 713 950 712 950 697 958 678 950 677 950 634 950 633 950 632 950 614 958 612 958 609 958 576 950 575 950 574 950 547 957 545 958 494 958 492 957 480 949 479 949 478 949 477 949 385 956 378 956 375 956 354 948 353 948 352 948 351 948 329 955 326 956 322 955 298 951 297 951 250 955 234 956 230 955 210 947 209 947 208 947 156 954 146 955 58 954 58 981"/></Shape>
	    <String CONTENT="me ou Empire, dont il ſ’agit, il puiſſe eſtre pour¬"
                    HPOS="57.0"
                    VPOS="947.0"
                    WIDTH="822.0"
                    HEIGHT="59.0"
                    WC="0.9885587680573557"></String>
          </TextLine>
          <TextLine ID="eSc_line_f54038cd"
                    TAGREFS="LT8"
                    BASELINE="60 1029 876 1036" 
                    HPOS="60.0"
                    VPOS="997.0"
                    WIDTH="816.0"
                    HEIGHT="58.0">
            <Shape><Polygon POINTS="60 1029 60 1040 111 1039 125 1042 147 1046 148 1046 149 1046 161 1042 164 1041 166 1042 178 1050 179 1050 180 1050 181 1051 207 1051 207 1050 243 1044 263 1040 274 1044 292 1051 293 1051 294 1051 337 1045 362 1042 440 1042 450 1047 461 1051 462 1051 463 1051 464 1051 474 1047 489 1042 536 1047 537 1047 591 1043 601 1050 606 1053 607 1053 608 1053 609 1053 610 1053 620 1050 642 1043 664 1051 674 1054 675 1054 765 1055 766 1055 767 1055 775 1053 795 1046 809 1050 810 1050 811 1050 846 1045 873 1054 876 1036 875 1011 851 1005 850 1005 827 1010 825 1010 724 1010 715 1008 643 1000 642 1000 641 1000 625 1007 623 1009 592 1009 588 1007 573 1000 572 1000 571 1000 541 1006 530 1008 519 1006 493 999 492 999 491 999 453 1000 451 1000 450 1000 443 1005 439 1008 418 1008 414 1004 411 1001 410 1001 409 1001 408 1001 407 1001 406 1001 402 1004 399 1006 354 1006 351 1003 344 998 343 998 342 998 341 998 304 1002 227 997 225 997 224 997 223 997 217 1002 212 1005 60 1000 60 1029"/></Shape>
	    <String CONTENT="ueu au public plus auãt, &amp; ainſi qu’il appartient."
                    HPOS="60.0"
                    VPOS="997.0"
                    WIDTH="816.0"
                    HEIGHT="58.0"
                    WC="0.9977596822906943"></String>
          </TextLine>
          <TextLine ID="eSc_line_05fac3ce"
                    TAGREFS="LT8"
                    BASELINE="60 1077 881 1081" 
                    HPOS="59.0"
                    VPOS="1041.0"
                    WIDTH="822.0"
                    HEIGHT="58.0">
            <Shape><Polygon POINTS="60 1077 59 1086 93 1095 94 1095 95 1095 204 1094 239 1088 265 1097 266 1097 267 1098 411 1098 411 1097 412 1097 413 1097 422 1090 459 1096 460 1096 585 1090 622 1096 623 1096 654 1090 691 1097 692 1097 745 1091 764 1099 765 1099 766 1099 767 1099 768 1099 779 1092 833 1098 834 1098 880 1090 881 1081 881 1049 872 1044 871 1044 870 1044 810 1044 809 1044 808 1044 807 1044 800 1049 793 1055 678 1055 658 1048 649 1045 648 1045 647 1045 634 1047 622 1050 611 1047 594 1043 593 1043 592 1043 591 1043 579 1047 562 1053 551 1047 546 1043 545 1043 544 1043 521 1043 520 1043 519 1043 513 1046 499 1053 375 1053 364 1045 361 1042 360 1042 359 1042 332 1042 331 1042 330 1042 325 1044 308 1052 257 1044 240 1041 239 1041 238 1041 233 1043 216 1051 195 1046 194 1046 193 1046 192 1046 178 1051 166 1043 164 1041 163 1041 162 1041 161 1041 152 1042 117 1050 100 1042 98 1041 97 1041 96 1041 60 1041 60 1077"/></Shape>
	    <String CONTENT="Et cela ne ſ’appelle point eſtre ſeditieux ou deſ¬"
                    HPOS="59.0"
                    VPOS="1041.0"
                    WIDTH="822.0"
                    HEIGHT="58.0"
                    WC="0.9832330048084259"></String>
          </TextLine>
          <TextLine ID="eSc_line_32b61f52"
                    TAGREFS="LT8"
                    BASELINE="60 1124 881 1130" 
                    HPOS="59.0"
                    VPOS="1087.0"
                    WIDTH="822.0"
                    HEIGHT="61.0">
            <Shape><Polygon POINTS="59 1132 97 1133 112 1142 113 1142 114 1142 186 1134 192 1134 193 1134 211 1143 212 1143 213 1143 214 1143 215 1143 224 1136 239 1141 240 1141 241 1141 292 1136 304 1135 309 1136 341 1145 342 1145 343 1145 344 1145 369 1138 425 1144 426 1144 427 1144 442 1138 447 1136 455 1138 482 1146 483 1146 484 1147 551 1147 551 1146 552 1146 571 1140 580 1137 595 1141 621 1145 622 1145 663 1142 686 1140 696 1142 708 1145 709 1145 710 1145 711 1145 720 1142 733 1138 767 1143 809 1148 810 1148 811 1148 826 1144 840 1140 849 1144 853 1146 854 1146 855 1146 880 1144 881 1130 880 1101 812 1093 811 1093 810 1093 809 1093 799 1099 792 1104 771 1104 760 1098 743 1092 742 1092 741 1092 740 1092 720 1098 705 1102 698 1097 691 1092 690 1092 689 1092 688 1092 665 1097 651 1100 641 1096 629 1092 628 1092 627 1092 626 1092 618 1096 609 1101 588 1096 570 1091 569 1091 568 1091 567 1091 566 1091 561 1095 553 1101 540 1095 532 1091 531 1091 530 1091 529 1091 527 1091 523 1094 513 1101 335 1101 281 1100 268 1090 267 1089 266 1089 265 1089 264 1089 257 1090 222 1097 200 1089 197 1088 196 1088 110 1088 109 1088 108 1088 90 1095 61 1087 60 1124 59 1132"/></Shape>
	    <String CONTENT="loial à ſon ſouuerain, ains pluſtoſt eſtre loial, &amp;"
                    HPOS="59.0"
                    VPOS="1087.0"
                    WIDTH="822.0"
                    HEIGHT="61.0"
                    WC="0.9883471016700451"></String>
          </TextLine>
          <TextLine ID="eSc_line_823aae2e"
                    TAGREFS="LT8"
                    BASELINE="61 1173 882 1178" 
                    HPOS="60.0"
                    VPOS="1140.0"
                    WIDTH="822.0"
                    HEIGHT="54.0">
            <Shape><Polygon POINTS="61 1173 60 1184 111 1190 112 1190 138 1185 140 1185 144 1185 202 1189 203 1189 204 1189 213 1185 217 1184 341 1184 345 1186 359 1190 360 1190 361 1190 362 1190 374 1186 378 1185 383 1186 409 1192 410 1192 620 1187 634 1187 635 1187 643 1193 644 1193 645 1193 646 1193 671 1187 674 1187 680 1187 724 1192 725 1192 789 1188 798 1194 799 1194 800 1194 801 1194 841 1189 868 1194 869 1194 870 1194 881 1188 882 1178 882 1153 843 1147 842 1147 790 1152 782 1152 781 1152 765 1144 764 1144 744 1144 743 1144 742 1144 741 1144 731 1151 730 1152 728 1151 710 1144 709 1144 708 1144 707 1144 694 1151 693 1152 635 1152 632 1150 618 1144 617 1144 616 1144 615 1144 602 1150 599 1151 596 1150 585 1146 584 1146 583 1146 565 1149 557 1151 555 1149 549 1145 548 1145 547 1145 546 1145 512 1149 501 1150 498 1149 485 1143 484 1143 483 1143 423 1148 397 1150 386 1148 357 1141 305 1141 304 1141 303 1141 285 1147 277 1149 269 1147 251 1141 250 1141 249 1141 221 1146 210 1148 205 1146 192 1140 191 1140 157 1140 156 1140 155 1140 142 1145 136 1148 61 1145 61 1173"/></Shape>
	    <String CONTENT="tenir ſon ſermẽt à ceux qu’on a receu en ſon gou"
                    HPOS="60.0"
                    VPOS="1140.0"
                    WIDTH="822.0"
                    HEIGHT="54.0"
                    WC="0.967124650478363"></String>
          </TextLine>
          <TextLine ID="eSc_line_1e4612f4"
                    TAGREFS="LT8"
                    BASELINE="61 1222 882 1226" 
                    HPOS="61.0"
                    VPOS="1187.0"
                    WIDTH="821.0"
                    HEIGHT="48.0">
            <Shape><Polygon POINTS="61 1222 61 1235 881 1234 882 1226 880 1196 857 1198 848 1195 827 1189 826 1189 825 1189 824 1189 812 1195 806 1198 797 1195 777 1189 776 1189 775 1189 774 1189 773 1189 765 1195 760 1199 709 1199 698 1195 677 1188 676 1188 618 1188 617 1188 616 1188 615 1188 606 1194 601 1197 597 1194 588 1188 587 1188 586 1188 517 1188 516 1188 515 1188 514 1188 505 1194 502 1196 463 1196 457 1193 450 1191 449 1191 448 1191 412 1193 367 1196 356 1193 337 1187 336 1187 283 1187 282 1187 281 1187 280 1187 273 1193 269 1195 61 1192 61 1222"/></Shape>
	    <String CONTENT="uernement, à l’encontre de l’infracteur de ſon"
                    HPOS="61.0"
                    VPOS="1187.0"
                    WIDTH="821.0"
                    HEIGHT="48.0"
                    WC="0.9981125745367496"></String>
          </TextLine>
          <TextLine ID="eSc_line_82e83476"
                    TAGREFS="LT8"
                    BASELINE="61 1268 882 1274" 
                    HPOS="60.0"
                    VPOS="1232.0"
                    WIDTH="822.0"
                    HEIGHT="58.0">
            <Shape><Polygon POINTS="61 1268 60 1277 103 1285 104 1285 195 1280 204 1286 205 1286 206 1286 207 1287 272 1287 272 1286 273 1286 274 1286 282 1280 283 1279 289 1280 335 1287 336 1288 404 1288 404 1287 405 1287 416 1281 418 1280 431 1281 480 1286 481 1286 564 1282 600 1281 604 1283 609 1287 610 1287 611 1287 612 1287 651 1283 666 1282 677 1284 706 1288 707 1288 708 1288 717 1284 719 1283 723 1284 744 1290 745 1290 746 1290 881 1285 882 1274 880 1240 805 1247 783 1239 781 1238 780 1238 779 1238 778 1238 777 1238 777 1239 761 1247 623 1247 610 1237 609 1236 608 1236 607 1236 539 1236 538 1236 537 1236 536 1236 519 1246 495 1246 480 1236 479 1236 478 1236 449 1235 448 1235 447 1235 446 1235 422 1244 354 1244 336 1234 335 1234 334 1234 283 1234 282 1234 281 1234 280 1234 266 1243 240 1236 239 1236 238 1236 204 1243 172 1238 171 1238 104 1241 93 1233 92 1233 91 1233 61 1232 61 1268"/></Shape>
	    <String CONTENT="ſerment, &amp; de l’oppreſſeur du Roiaume, dont il"
                    HPOS="60.0"
                    VPOS="1232.0"
                    WIDTH="822.0"
                    HEIGHT="58.0"
                    WC="0.9974475347477457"></String>
          </TextLine>
          <TextLine ID="eSc_line_c4026d15"
                    TAGREFS="LT8"
                    BASELINE="63 1317 882 1321" 
                    HPOS="62.0"
                    VPOS="1280.0"
                    WIDTH="820.0"
                    HEIGHT="58.0">
            <Shape><Polygon POINTS="63 1317 62 1325 94 1334 95 1334 96 1334 136 1327 187 1334 188 1334 251 1328 267 1336 268 1336 269 1337 366 1337 366 1336 367 1336 385 1329 428 1336 429 1336 430 1336 457 1328 491 1337 492 1337 493 1337 494 1337 495 1337 504 1330 547 1337 548 1337 622 1329 652 1335 653 1335 704 1330 716 1338 717 1338 718 1338 719 1338 793 1332 839 1338 840 1338 881 1329 882 1321 881 1296 857 1296 856 1295 842 1283 841 1283 840 1283 839 1283 838 1283 817 1295 816 1295 790 1283 789 1283 788 1283 787 1283 764 1294 761 1296 711 1296 706 1294 677 1282 676 1282 675 1282 674 1282 656 1287 650 1282 649 1282 648 1282 552 1282 551 1282 501 1290 483 1294 455 1292 454 1290 441 1281 440 1281 439 1281 438 1281 437 1281 409 1289 399 1294 306 1294 298 1288 288 1281 287 1281 286 1281 285 1281 284 1281 259 1288 246 1292 241 1288 230 1280 229 1280 228 1280 227 1280 192 1287 172 1293 111 1293 101 1286 89 1280 88 1280 87 1280 63 1285 63 1317"/></Shape>
	    <String CONTENT="deuoit eſtre le protecteur. C’eſt le droit, ſur le¬"
                    HPOS="62.0"
                    VPOS="1280.0"
                    WIDTH="820.0"
                    HEIGHT="58.0"
                    WC="0.9896112563563328"></String>
          </TextLine>
          <TextLine ID="eSc_line_4633ead7"
                    TAGREFS="LT8"
                    BASELINE="65 1364 883 1370" 
                    HPOS="65.0"
                    VPOS="1330.0"
                    WIDTH="818.0"
                    HEIGHT="55.0">
            <Shape><Polygon POINTS="65 1364 65 1379 249 1377 292 1381 305 1382 306 1382 307 1382 308 1382 308 1381 315 1377 359 1377 387 1382 395 1383 396 1383 397 1383 398 1383 399 1382 406 1378 473 1382 487 1383 488 1383 494 1383 527 1378 630 1384 644 1384 645 1384 650 1384 683 1379 719 1384 727 1385 728 1385 748 1384 846 1380 881 1385 883 1370 883 1343 832 1334 831 1334 829 1334 811 1342 811 1343 758 1343 757 1342 741 1334 740 1334 739 1334 738 1334 714 1342 709 1342 613 1342 612 1341 604 1334 602 1334 601 1334 557 1332 556 1332 491 1340 489 1340 487 1340 447 1332 446 1332 445 1332 444 1332 434 1340 433 1341 410 1341 408 1340 396 1331 395 1331 394 1331 393 1331 246 1339 232 1339 230 1339 209 1330 208 1330 105 1330 104 1330 65 1337 65 1364"/></Shape>
	    <String CONTENT="quel iuſtement ſe fonderent à Romme (encores"
                    HPOS="65.0"
                    VPOS="1330.0"
                    WIDTH="818.0"
                    HEIGHT="55.0"
                    WC="0.9996841430664063"></String>
          </TextLine>
          <TextLine ID="eSc_line_eb9c6b43"
                    TAGREFS="LT8"
                    BASELINE="65 1413 884 1417" 
                    HPOS="65.0"
                    VPOS="1380.0"
                    WIDTH="819.0"
                    HEIGHT="55.0">
            <Shape><Polygon POINTS="65 1413 65 1429 163 1424 185 1430 189 1431 190 1431 191 1431 192 1431 193 1431 194 1430 201 1424 259 1424 269 1430 272 1433 273 1433 274 1433 275 1433 276 1433 283 1430 292 1427 303 1430 311 1433 312 1433 313 1433 336 1430 359 1428 394 1431 425 1433 426 1433 427 1433 433 1431 447 1425 485 1431 493 1432 494 1432 495 1432 498 1431 513 1426 551 1431 552 1431 553 1431 554 1431 585 1426 593 1431 596 1434 597 1434 598 1434 599 1434 620 1432 660 1426 692 1432 711 1435 712 1435 740 1432 785 1427 810 1427 818 1432 821 1435 822 1435 823 1435 824 1435 825 1435 826 1435 831 1432 839 1427 882 1432 884 1417 884 1389 847 1383 846 1383 845 1383 834 1389 826 1393 770 1393 763 1389 753 1383 752 1383 751 1383 728 1383 727 1383 726 1383 712 1389 705 1392 607 1392 601 1389 592 1382 591 1382 590 1382 566 1382 565 1382 564 1382 545 1389 537 1391 521 1389 489 1383 488 1383 487 1383 476 1389 472 1391 413 1391 406 1389 375 1381 374 1381 373 1381 372 1381 346 1389 340 1390 325 1389 285 1384 284 1384 283 1384 274 1389 271 1390 269 1389 259 1380 258 1380 257 1380 222 1380 221 1380 220 1380 219 1380 206 1388 189 1384 188 1384 187 1384 186 1384 170 1389 168 1389 167 1389 149 1380 148 1380 110 1380 109 1380 108 1380 107 1380 96 1389 94 1389 65 1389 65 1413"/></Shape>
	    <String CONTENT="qu’ils euſſent quelque intereſt particulier en la"
                    HPOS="65.0"
                    VPOS="1380.0"
                    WIDTH="819.0"
                    HEIGHT="55.0"
                    WC="0.9877140765287438"></String>
          </TextLine>
          <TextLine ID="eSc_line_d3807866"
                    TAGREFS="LT8"
                    BASELINE="64 1461 883 1466" 
                    HPOS="63.0"
                    VPOS="1426.0"
                    WIDTH="820.0"
                    HEIGHT="53.0">
            <Shape><Polygon POINTS="64 1461 63 1471 97 1477 98 1477 140 1472 144 1472 153 1477 154 1477 155 1477 229 1478 230 1478 231 1478 242 1473 243 1473 245 1473 271 1478 272 1478 298 1473 303 1473 306 1474 319 1478 320 1478 321 1479 882 1479 883 1466 881 1437 837 1439 828 1436 810 1430 809 1430 808 1430 807 1430 793 1436 787 1439 783 1436 778 1432 777 1432 776 1432 775 1432 774 1432 757 1436 747 1438 737 1436 719 1433 718 1433 717 1433 704 1436 695 1438 563 1438 559 1436 545 1428 544 1428 469 1428 468 1428 467 1428 466 1428 458 1435 443 1435 411 1437 407 1435 403 1432 402 1432 401 1432 400 1432 399 1432 398 1432 394 1435 392 1437 381 1435 335 1427 334 1427 333 1427 332 1427 319 1435 317 1436 309 1435 279 1431 278 1431 277 1431 266 1435 263 1436 257 1435 237 1431 236 1431 235 1431 227 1435 225 1435 200 1426 199 1426 198 1426 64 1434 64 1461"/></Shape>
	    <String CONTENT="cauſe) Brutus eſtant en la charge nommee lors"
                    HPOS="63.0"
                    VPOS="1426.0"
                    WIDTH="820.0"
                    HEIGHT="53.0"
                    WC="0.990634736749861"></String>
          </TextLine>
          <TextLine ID="eSc_line_21a9eeba"
                    TAGREFS="LT8"
                    BASELINE="66 1510 884 1513" 
                    HPOS="66.0"
                    VPOS="1474.0"
                    WIDTH="818.0"
                    HEIGHT="57.0">
            <Shape><Polygon POINTS="66 1510 66 1527 185 1521 196 1527 199 1528 200 1528 201 1528 234 1526 310 1522 358 1526 405 1529 406 1529 431 1525 451 1522 467 1525 488 1529 489 1529 490 1529 498 1525 503 1522 516 1525 539 1529 540 1529 541 1529 542 1529 548 1524 551 1522 554 1524 557 1527 558 1527 559 1527 560 1527 578 1524 592 1522 605 1524 636 1530 637 1530 665 1524 668 1523 671 1524 690 1530 691 1530 692 1531 723 1531 723 1530 724 1530 725 1530 733 1523 734 1523 826 1523 827 1523 837 1530 838 1530 839 1530 840 1531 866 1531 866 1530 867 1530 883 1522 884 1513 883 1488 855 1482 854 1482 853 1482 852 1482 845 1487 845 1488 789 1488 788 1487 774 1476 773 1476 772 1476 727 1476 726 1476 725 1476 724 1476 709 1487 708 1487 608 1486 465 1485 442 1475 441 1475 440 1475 345 1476 344 1476 316 1485 314 1485 309 1485 257 1479 256 1479 255 1479 254 1479 247 1485 246 1485 245 1484 215 1474 214 1474 180 1474 179 1474 178 1474 177 1474 166 1483 148 1474 147 1474 123 1474 122 1474 121 1474 120 1474 106 1484 91 1478 90 1478 89 1478 88 1478 66 1483 66 1510"/></Shape>
	    <String CONTENT="par les Romains Tribunus celerum, &amp; Lucre¬"
                    HPOS="66.0"
                    VPOS="1474.0"
                    WIDTH="818.0"
                    HEIGHT="57.0"
                    WC="0.9913596397354489"></String>
          </TextLine>
          <TextLine ID="eSc_line_4382e155"
                    TAGREFS="LT8"
                    BASELINE="65 1557 890 1564" 
                    HPOS="64.0"
                    VPOS="1524.0"
                    WIDTH="826.0"
                    HEIGHT="56.0">
            <Shape><Polygon POINTS="65 1557 64 1570 82 1575 83 1575 84 1575 85 1575 86 1575 93 1571 99 1567 137 1571 179 1575 180 1575 181 1575 190 1571 196 1569 217 1571 235 1573 236 1573 237 1573 240 1571 247 1568 269 1572 295 1576 296 1576 316 1572 326 1570 336 1572 355 1577 356 1577 357 1577 358 1577 368 1572 369 1572 374 1572 411 1577 412 1577 413 1577 426 1573 434 1570 448 1573 461 1575 462 1575 491 1573 531 1570 537 1573 545 1579 546 1579 547 1579 548 1580 610 1580 610 1579 611 1579 612 1579 618 1574 623 1571 643 1571 675 1571 682 1574 693 1580 694 1580 695 1580 761 1575 786 1573 888 1575 890 1564 890 1534 865 1529 864 1529 863 1529 851 1533 840 1538 810 1538 802 1533 792 1528 791 1528 747 1527 746 1527 745 1527 744 1527 736 1533 732 1536 723 1533 716 1531 715 1531 714 1531 697 1533 671 1536 666 1533 656 1526 655 1526 654 1526 619 1526 618 1526 617 1526 616 1526 608 1532 597 1527 596 1527 595 1527 571 1532 560 1535 552 1532 532 1525 531 1525 495 1525 494 1525 493 1525 468 1532 461 1534 457 1532 442 1525 441 1525 400 1524 384 1524 383 1524 382 1524 381 1524 370 1532 367 1534 303 1534 299 1531 291 1525 290 1525 289 1525 288 1525 287 1525 267 1531 263 1532 133 1532 132 1531 124 1525 123 1525 122 1525 121 1525 65 1530 65 1557"/></Shape>
	    <String CONTENT="tius gouuerneur de la ville, qu’ils appelloient"
                    HPOS="64.0"
                    VPOS="1524.0"
                    WIDTH="826.0"
                    HEIGHT="56.0"
                    WC="0.9993148331946515"></String>
          </TextLine>
          <TextLine ID="eSc_line_2ad3f3cd"
                    TAGREFS="LT8"
                    BASELINE="67 1605 884 1609" 
                    HPOS="66.0"
                    VPOS="1570.0"
                    WIDTH="818.0"
                    HEIGHT="57.0">
            <Shape><Polygon POINTS="67 1605 66 1615 85 1623 86 1623 87 1623 138 1616 263 1616 330 1624 331 1625 402 1625 402 1624 403 1624 426 1618 482 1624 483 1624 484 1624 485 1624 493 1618 527 1624 529 1624 530 1624 531 1624 542 1618 665 1618 701 1626 702 1626 703 1626 704 1626 714 1620 737 1626 738 1626 739 1626 740 1626 741 1626 749 1619 793 1619 808 1626 809 1626 810 1627 842 1627 842 1626 883 1618 884 1609 883 1585 832 1584 820 1577 819 1577 818 1577 817 1577 787 1582 774 1574 773 1574 772 1574 771 1574 732 1580 701 1575 700 1575 669 1581 655 1584 555 1584 546 1578 538 1573 537 1573 536 1573 475 1572 474 1572 447 1576 422 1581 399 1577 398 1577 327 1582 312 1574 308 1572 307 1572 288 1572 287 1572 286 1572 285 1572 283 1573 271 1582 229 1577 228 1577 227 1577 225 1577 219 1581 203 1572 201 1571 200 1571 176 1571 175 1571 174 1571 173 1571 158 1580 145 1572 144 1572 143 1572 142 1572 110 1579 99 1571 98 1571 97 1571 67 1570 67 1605"/></Shape>
	    <String CONTENT="Præfectus vrbi, quand à l’encontre de Tarqui¬"
                    HPOS="66.0"
                    VPOS="1570.0"
                    WIDTH="818.0"
                    HEIGHT="57.0"
                    WC="0.9967341993166052"></String>
          </TextLine>
          <TextLine ID="eSc_line_380ead3e"
                    TAGREFS="LT8"
                    BASELINE="71 1653 885 1657" 
                    HPOS="70.0"
                    VPOS="1618.0"
                    WIDTH="815.0"
                    HEIGHT="52.0">
            <Shape><Polygon POINTS="71 1653 70 1662 99 1669 100 1669 101 1669 119 1664 162 1669 163 1669 164 1669 165 1669 173 1664 204 1669 205 1670 884 1670 885 1657 884 1624 840 1621 839 1621 838 1621 837 1621 834 1624 825 1629 811 1624 803 1621 802 1621 738 1621 737 1621 736 1621 728 1624 711 1631 570 1631 534 1630 522 1625 509 1620 508 1620 507 1620 466 1625 463 1625 462 1625 444 1619 443 1619 442 1619 441 1619 420 1625 409 1628 359 1625 328 1624 327 1624 326 1624 322 1626 314 1629 308 1626 297 1619 296 1619 295 1619 294 1619 256 1626 243 1628 237 1626 216 1618 215 1618 214 1618 182 1625 148 1618 147 1618 146 1618 145 1618 134 1626 133 1627 71 1627 71 1653"/></Shape>
	    <String CONTENT="nius le ſuperbe vſant de Tyrannie manifeſte, ils"
                    HPOS="70.0"
                    VPOS="1618.0"
                    WIDTH="815.0"
                    HEIGHT="52.0"
                    WC="0.9985991219679514"></String>
          </TextLine>
          <TextLine ID="eSc_line_b8ec62a1"
                    TAGREFS="LT8"
                    BASELINE="70 1702 884 1705" 
                    HPOS="70.0"
                    VPOS="1665.0"
                    WIDTH="814.0"
                    HEIGHT="70.0">
            <Shape><Polygon POINTS="70 1702 70 1719 160 1719 161 1719 186 1732 187 1732 188 1732 242 1724 260 1729 261 1729 262 1729 263 1729 286 1720 343 1733 344 1734 418 1734 418 1733 419 1733 420 1733 443 1719 445 1718 448 1719 469 1727 470 1727 471 1727 472 1727 486 1719 490 1718 573 1718 577 1719 613 1734 614 1734 615 1735 643 1735 643 1734 644 1734 674 1722 697 1731 698 1731 699 1731 700 1731 724 1720 726 1719 768 1719 770 1720 797 1734 798 1734 799 1734 827 1728 857 1734 858 1734 859 1734 883 1720 884 1705 881 1667 854 1680 811 1680 792 1668 792 1667 791 1667 790 1667 789 1667 780 1668 736 1674 710 1668 701 1667 700 1667 699 1667 698 1667 697 1668 683 1680 637 1680 616 1672 615 1672 614 1672 613 1672 599 1679 513 1679 501 1670 495 1666 494 1666 493 1666 492 1666 473 1670 468 1672 462 1670 433 1666 432 1666 431 1666 430 1666 423 1672 412 1679 352 1679 338 1672 322 1665 321 1665 304 1665 303 1665 302 1665 300 1665 290 1673 282 1677 237 1676 232 1673 213 1665 212 1665 170 1665 169 1665 168 1665 152 1674 149 1675 148 1674 137 1665 136 1665 135 1665 104 1665 103 1665 102 1665 86 1674 83 1676 70 1675 70 1702"/></Shape>
	    <String CONTENT="aſſemblerent le peuple Romain: par l’authorité"
                    HPOS="70.0"
                    VPOS="1665.0"
                    WIDTH="814.0"
                    HEIGHT="70.0"
                    WC="0.9841989405611729"></String>
          </TextLine>
        </TextBlock>
        <TextBlock HPOS="648.0"
                   VPOS="1719.0"
                   WIDTH="55.0"
                   HEIGHT="41.0"
                   ID="eSc_textblock_42818e27"
                   TAGREFS="BT17">
          <Shape><Polygon POINTS="703 1760 703 1719 648 1719 648 1760"/></Shape>
          <TextLine ID="eSc_line_44ea63b3"
                    TAGREFS="LT8"
                    BASELINE="656 1755 690 1755" 
                    HPOS="656.0"
                    VPOS="1718.0"
                    WIDTH="34.0"
                    HEIGHT="78.0">
            <Shape><Polygon POINTS="656 1755 656 1791 689 1796 690 1755 690 1718 656 1718 656 1755"/></Shape>
	    <String CONTENT="D"
                    HPOS="656.0"
                    VPOS="1718.0"
                    WIDTH="34.0"
                    HEIGHT="78.0"
                    WC="0.9999951124191284"></String>
          </TextLine>
        </TextBlock>
      </PrintSpace>
    </Page>
  </Layout>
</alto>
