1132 1824
646.0 136.0 53.0 66.0 10

254.0 179.0 844.0 79.0 peuples ne ſont pas creez pour lesmagiſtrats : mais

257.0 245.0 845.0 54.0 au contraire les magiſtrats pour les peuples : com¬

256.0 291.0 846.0 59.0 me le tuteur eſt pour le pupille, & non le pupille

258.0 342.0 845.0 57.0 pour le tuteur, & le berger pour le troupeau, &

255.0 389.0 848.0 54.0 non le troupeau pour le berger. Cela eſtant tout

255.0 436.0 847.0 55.0 clair de ſoimeſmes, ſe peut auſſi prouuer par les hi

256.0 486.0 846.0 55.0 ſtoires de toutes les nations, voire iuſques là, que

257.0 532.0 845.0 50.0 Dieu, encores que lui-meſmes euſt choiſi Saül

258.0 580.0 842.0 58.0 pour eſtre mis en la place de Samuel à la requeſte

260.0 624.0 840.0 67.0 du peuple, a voulu touteſ-fois que le peuple ou¬

269.0 673.0 829.0 58.0 tre cela le creaſt & acceptaſt pour Roi: Dauid auſſi

258.0 725.0 839.0 56.0 combien que Dieu lui-meſmes l’euſt choiſi, ce ne¬

266.0 775.0 835.0 57.0 antmoins n’exerça le roiaume qu’apres les ſuffra¬

256.0 819.0 842.0 57.0 ges & le volontaire conſentement des Tributs d’Iſ

255.0 866.0 842.0 62.0 raël. Semblablement combien que par l’ordon¬

254.0 908.0 843.0 66.0 nance de Dieu le droit du Roiaume fuſt ſucceſſif

255.0 963.0 842.0 57.0 en la race de Dauid, ſi eſt-ce que ſ'il ne ſuruenoit

257.0 1015.0 836.0 55.0 quelque empeſchement extraordinaire (comme

254.0 1056.0 839.0 67.0 il aduint lors que tantoſt les Egiptiens, tantoſt les

254.0 1105.0 836.0 60.0 Rois des Syriens ont tyranniſé le peuple de Dieu)

252.0 1155.0 841.0 61.0 celui de la race de Dauid regnoit, que le peuple a¬

255.0 1209.0 838.0 57.0 uoit approuué, & non autre, de ſorte que ce Roi¬

257.0 1247.0 836.0 63.0 aume eſtoit bien ſucceſſif quant à la race, à cauſe

257.0 1298.0 840.0 57.0 que Dieu l’auoit ainſi ordonné, mais electif quant

255.0 1348.0 839.0 58.0 à la perſonne. Ce qui ſe void nommement en l’hi¬

257 1392 838 58 ſtoire de Salomon, Roboam, Ioas, Vzias & Ioa¬

260.0 1444.0 835.0 54.0 chaz: qui fut auſſi l’occaſion de laquelle ſe voulut

257.0 1492.0 838.0 56.0 ſeruir Abſalom pour rauir le Roiaume à ſonpere.

264.0 1536.0 826.0 61.0 Car voici la reſponce, que lui fiſt Chuſay l’ami de

267.0 1585.0 826.0 65.0 Dauid, Ie demeurerai, dit-il, auec celui que l’Eter

253.0 1637.0 838.0 58.0 nel & le peuple, & tous ceux d’Iſraël auront eſleu.

254.0 1681.0 835.0 117.0 Breſ, ſi on veut rechercher les hiſtoires anciennes

108.0 680.0 147.0 87.0 Sam. 10.11

106.0 779.0 146.0 61.0 Sam.2.&5

101.0 1412.0 148.0 54.0 Chr.29.22

101.0 1462.0 119.0 36.0 Ro. 12.1

100.0 1491.0 130.0 44.0 Ro.11.12

103.0 1532.0 144.0 47.0 Chro.26.1

103.0 1567.0 148.0 51.0 Chro.36.1.

101.0 1609.0 147.0 58.0 Sam.16.18
