1132 1824
467.0 141.0 50.0 44.0 61

66.0 183.0 833.0 56.0 ce droit naturel & commun à tous hommes. Ie

66.0 232.0 831.0 57.0 reſpon que cela eſt bien vrai en aucunes choſes,

66.0 281.0 833.0 58.0 mais en telle ſorte que ce neantmoins ceſte dif¬

66.0 333.0 833.0 56.0 ference ne giſt qu’és circonſtances, qui ne peu¬

67.0 377.0 831.0 56.0 uẽt faire que ceſte generale & vniuerſelle equi¬

67.0 425.0 831.0 61.0 té & droiture ne demeure ſi ferme, que toute po

67.0 476.0 830.0 58.0 lice qui y contrarie, (comme ſi on approuue les

67.0 522.0 831.0 58.0 impietez manifeſtes, les brigandages, & autres

68.0 569.0 831.0 58.0 choſes eſtans notoirement contre Dieu, & le

69.0 620.0 829.0 56.0 droit des gens, & toutes bonnes mœurs) ne doi¬

71.0 670.0 555.0 52.0 ue eſtre reiettee & condamnee.

118.0 709.0 781.0 69.0 On me pourroit auſſi repliquer, qu’il eſt bien

71.0 761.0 826.0 55.0 vrai que le ſouuerain faiſant autremẽt que ie ne

72.0 812.0 828.0 58.0 di, eſt coulpable: mais qu’il n’a autre iuge que

73.0 857.0 829.0 60.0 Dieu. Et peut eſtre alleguera-on là deſſus, que

74.0 907.0 830.0 47.0 Dauid eſtant adultere & meurtrier, voire d’vne

74.0 953.0 829.0 59.0 terrible façon, n’a touteſ-fois eſté iugé par hom

74.0 1005.0 832.0 57.0 mes quelcõques. Ie reſpon premierement, qu’il

76.0 1051.0 828.0 61.0 appert par ce que deſſus, que les peuples & eſtats

77.0 1099.0 825.0 55.0 ſe ſont ordinairement reſerué la puiſſance de re¬

77.0 1146.0 829.0 51.0 frener les ſouuerains, à laquelle reſerue nulle an

78.0 1197.0 828.0 57.0 cienneté ni preſcription de temps ne peut preiu

79.0 1242.0 827.0 57.0 dicier. Secondement, ie di qu’il y a grande dif¬

80.0 1294.0 823.0 49.0 ference entre celui qui commet quelque faute

80.0 1337.0 827.0 60.0 à pluſieurs & diuerſes fois, & celui qui fait me¬

80.0 1389.0 820.0 52.0 ſtier de ſ'addonner à tout mal. Item, entre vn

83.0 1431.0 814.0 61.0 Prince vicieux en ſa vie, & vn Prince qui meſme

82.0 1485.0 825.0 55.0 renuerſe tout le iuſte gouuernement de ſon roi¬

83.0 1534.0 825.0 54.0 aume. Et pourtant ie ne di pas qu’il faille qu’vn

83.0 1583.0 820.0 53.0 ſouuerain ſoit traitté pour fautes particulieres,

85.0 1629.0 824.0 58.0 & propremẽt perſonnelles, comme quelqu’vn

85.0 1680.0 822.0 57.0 de ſes ſubiets: mais bien di-ie, qu’il pourroit e¬

938.0 706.0 128.0 60.0 Les Eſtat

905.0 756.0 158.0 51.0 ſont parde

909.0 797.0 158.0 68.0 ſus les Rois

918.0 1319.0 150.0 59.0 Tous ſouu

913.0 1373.0 156.0 41.0 rains vicieu

912.0 1414.0 147.0 52.0 ne ſont Pa

917.0 1453.0 99.0 45.0 tyrans.

672.0 1728.0 79.0 65.0 H 3
