1132 1824
656 149 49 40 72

264 186 827 54 voie de fait à leurs ſuperieurs: ce que peuuent

263 234 829 53 encores moins faire les eſclaues auec leurs ſei¬

266 284 821 52 gneurs & maiſtres de leurs perſonnes & biens,

265 331 827 59 quelques aſpres & iniques qu’ils ſoient. Ceſt ex¬

265 381 828 52 emple donc ne contredit en rien à ce que ci-deſ¬

266 428 827 52 ſus nous auons determiné. Ie di d’auantage (ce

268 475 827 57 qu’il faut bien noter en ceſte hiſtoire) que les lu¬

267 523 828 52 ifs auoient eſté aſſeruis aux Chaldeens par ex¬

269 571 824 56 preſſe volonté de Dieu, & à eux ſignifiee par les

270 619 820 55 Prophetes. Tant ſ’en faut donc, que Sedechias,

270 666 825 60 & ſon peuple ait peu durant ſa captiuité, reſiſter

270 714 825 55 à la Tyrannie des Chaldeens, que meſmes ils

269 763 827 53 n’ont peu en bonne conſciẽce ſe rebeller, ni de¬

271 809 826 56 fendre la ville de Ieruſalem contre eux: veu que

274 858 822 56 Dieu leur auoit commandé expreſſément par le

279 905 818 55 remie, qu’il vouloit que la ville leur fuſt rendue

278 954 820 53 & aſſeruie. Et ne ſert de rien d’alleguer au con¬

281 998 817 62 traire que ceſte volonté de Dieu a auſſi bien lieu

286 1048 812 58 en toutes Tyrannies, attendu qu’elles n’aduien¬

278 1100 822 56 nent point ſans la volonté de Dieu. A quoi ie

278 1149 823 56 pourroi reſpondre que le meſme argumẽt peut

277 1197 824 52 eſtre retorqué contre les Tyrans, d’autant que

278 1241 822 56 la volonté de Dieu porte auſſi bien, que les Ty¬

278 1289 824 58 rãs ſoient chaſtiez par les peuples (comme il eſt

279 1338 822 58 aduenu à la pluſ-part d’iceux) que les peuples

279 1387 822 58 par les Tyrans. Mais la vraie reſponſe eſt, Que

280 1434 823 49 la volonté de Dieu doit eſtre conſideree ſelon

280 1478 825 62 qu’il lui plaiſt la nous manifeſter. Car autremẽt

279 1532 826 56 il n’y a meſchanceté qui ne peuſt eſtre imputee à

281 1579 823 56 la volonté de Dieu, puis que rien n’aduient à l’a¬

282 1630 822 54 uenture, iuſques aux choſes qui peuuent ſem¬

282 1677 822 62 bler les plus fortuites. Voila pourquoi combien

999 1730 103 56 qu’vn

93 898 167 41 Ierem.38.17

93 932 171 39 La Prouidẽ¬

93 969 158 43 ce de Dieu

91 1003 166 50 n'empeſche

94 1053 175 45 point vne iu

96 1085 172 71 ſte defenſe.
