1132 1824
441.0 171.0 36.0 26.0 5

50.0 183.0 835.0 58.0 thorité des Magiſtrats, quelques grands & puiſ¬

49.0 230.0 830.0 63.0 ſants qu’ils ſoient, eſt limitee de deux bornes,

51.0 277.0 829.0 60.0 que Dieu lui-meſmes a plãtees, aſſauoir Pieté, &

53.0 323.0 824.0 64.0 Charité: leſquelles ſ’il leur aduiẽt d’outrepaſſer,

52.0 374.0 829.0 62.0 il ſe faut ſouuenir de ceſte parolle des Apoſtres,

53.0 423.0 833.0 62.0 Il vaut mieux obeir à Dieu qu’aux hommes: à fin

56.0 469.0 829.0 61.0 que ne ſoions du nõbre de ceux que le Seigneur

56.0 519.0 829.0 58.0 maudit par ſon Prophete Michee, Pourautant

59.0 569.0 829.0 59.0 qu’ils auoient obei au mauuais mandement de

58.0 616.0 830.0 60.0 leur Roi: Ou que n’enſuiuions l’exemple de ces

59.0 664.0 832.0 58.0 malheureux, qui ont adoré leurs Tyrans comme

59.0 712.0 830.0 62.0 Dieux, leur en attribuant le nom & l’effet, com¬

60.0 761.0 830.0 57.0 me il eſt notamment eſcrit de ce monſtre Domi¬

66.0 805.0 827.0 59.0 tian par le teſmoignage de ceſt ord & ſale poëte

64.0 857.0 827.0 56.0 Martial, aiant oſé eſcrire ces mots, Edictum do¬

63.0 898.0 831.0 68.0 mini Deiq́ue noſtri. Et pleuſt à Dieu que de no¬

65.0 949.0 831.0 69.0 ſtre temps il ne ſe trouuaſt point de flatteurs qui

67.0 1008.0 435.0 56.0 ne lui en doiuent gueres.

116.0 1048.0 770.0 56.0 Outre ceſte reſolution, ie ſuis content de con¬

69.0 1098.0 824.0 60.0 ſiderer de plus pres quelques points appartenãts

68.0 1141.0 831.0 61.0 à ceſte matiere, à fin de reſoudre les conſciences

69.0 1190.0 833.0 60.0 de pluſieurs. Premierement donques on deman

69.0 1237.0 830.0 65.0 de ſi vn Magiſtrat eſt tenu de rendre à chacun la

74.0 1292.0 826.0 56.0 raiſon de l’equité de tous ſes commandements.

76.0 1334.0 830.0 68.0 Ie reſpon que non : ains qu’aucontraire tous loi¬

78.0 1385.0 829.0 61.0 aux ſubiets doiuent bien ſentir & preſumer de

77.0 1432.0 827.0 62.0 leurs ſeigneurs, & ne ſ'enquerir des choſes dou¬

77.0 1480.0 828.0 65.0 teuſes trop curieuſement, ni outre leur portee &

80.0 1532.0 828.0 53.0 condition: ce neantmoins ſi leur conſcience eſt

80.0 1578.0 824.0 60.0 en doute, ils peuuent & doiuent par quelque hõ

83.0 1621.0 826.0 63.0 neſte & paiſible moien, ſ'enquerir quelle raiſon

84.0 1677.0 822.0 68.0 & droiture peut eſtre en ce qui leur eſt com¬

894.0 505.0 145.0 59.0 Mich.6.16

900.0 1035.0 153.0 50.0 Iuſquesou

905.0 1068.0 155.0 52.0 ſubiet do

908.0 1115.0 152.0 49.0 preſumer

905.0 1153.0 158.0 53.0 ſtre iuſte,

911.0 1194.0 154.0 52.0 qui lui eſt

903.0 1232.0 119.0 54.0 mandé.

662.0 1726.0 69.0 71.0 A 3
