1132 1824
632.0 112.0 49.0 84.0 14

220.0 171.0 866.0 76.0 le monde auec vn grand amas de nauires, & ie le

222.0 229.0 862.0 71.0 pille auec vne ſeule petite fregatte? A ceci n’eſt

225.0 281.0 853.0 65.0 point cõtraire ce qui eſt allegué par quelques vns,

222.0 325.0 861.0 67.0 aſſauoir que c’eſt Dieu qui tranſporte les Roiau¬

225.0 376.0 858.0 66.0 mes & Empires, & pourtant ottroie ſouuent des

227.0 428.0 856.0 58.0 victoires aux Tyrãs. Car à Dieu ne plaiſe que pour

225.0 472.0 862.0 64.0 cela ie m’accorde à ce dire de Lucain, que Dieu dõ¬

225.0 522.0 859.0 60.0 ne le droit au tort, ou que ie condamne la cauſe de

226.0 570.0 858.0 57.0 Demoſthene defendant la liberté de ſa patrie con¬

225.0 617.0 862.0 57.0 tre la violence de Philippes de Macedoine, com¬

228.0 665.0 856.0 60.0 bien que Demoſthene fuſt vaincu, & Philippe vi¬

228.0 717.0 858.0 59.0 ctorieux. l’vſe de ces exemples non point pour re¬

229.0 761.0 855.0 65.0 gler la conſcience des Chreſtiens par icelles, mais

229.0 813.0 855.0 60.0 d’autant qu’elles ſont cogneuës & celebres: Et

229.0 860.0 857.0 64.0 pource que ces choſes, encores qu’elles ſoient ad¬

229.0 908.0 855.0 58.0 uenues entre les Paiens, ne ſont touteſfois tant eſ¬

230.0 954.0 854.0 66.0 loignees de la regle de droiture, qu’il ne ſe puiſſe di

230.0 1005.0 855.0 60.0 re à bon droit, que le droit a eſté d’vn coſté, & le

229.0 1054.0 858.0 57.0 tort de l’autre. Ie di doncques, ſuiuant ce que De¬

230.0 1100.0 855.0 63.0 moſthene reſpondit à ſon aduerſaire Æſchines lui

230.0 1147.0 853.0 62.0 reprochant la malheureuſe iſſue de la bataille de

231.0 1196.0 856.0 62.0 Cheronee, Qu’il ne faut pointiuger par le ſeul e¬

231.0 1241.0 852.0 61.0 uenement bon ou mauuais, ſi vne choſe a eſté iu¬

228.0 1290.0 855.0 70.0 ſtement ou iniuſtement entrepriſe. Car (pour par¬

228.0 1336.0 853.0 74.0 ler plus Chreſtiennement) noſtre Dieu ſouuenteſ¬

228.0 1389.0 859.0 62.0 fois punit tellement les fautes des hommes, ou biẽ

231.0 1434.0 852.0 73.0 eſprouue les ſiens, que leurs conſeils (encores que

229.0 1482.0 854.0 65.0 ils ſoient bons & droits d’eux-meſmes) toutesfois

231.0 1526.0 855.0 76.0 ne ſuccedent ſelon leur intention. Ce qui ſe void

229.0 1574.0 857.0 73.0 notoirement en la guerre des Tributs d’lſraël con¬

231.0 1629.0 855.0 59.0 tre les Benjamites: ſi eſt-ce que pour cela Dieu ne

231.0 1678.0 856.0 120.0 laiſſe pas d'eſtre touſiours iuſte en ſes faits de quel¬
