1132 1824
660.0 155.0 60.0 36.0 44

258.0 186.0 828.0 56.0 ſumption tyrannique aura vſurpé ſouueraineté

259.0 232.0 828.0 52.0 Roialle, ſoit anathematizé deuãt la face de Dieu

259.0 278.0 826.0 63.0 & ſes Anges, & ſoit ſeparé de l’Egliſe catholique

259.0 332.0 828.0 55.0 qu’il aura prophanee par ſon periure, & de toute

258.0 376.0 829.0 58.0 l’aſſemblee des Chreſtiens, lui & tous les cõpli¬

258.0 426.0 828.0 56.0 ces de ſon impieté: à fin que ceux qui ſont trou¬

258.0 474.0 827.0 55.0 uez enueloppez en meſme faute, ſoient chaſtiez

258.0 524.0 826.0 56.0 d’vne meſme peine. Ce que no’ pronõçonsenco

256.0 570.0 831.0 58.0 res derechef diſans, Quiconques, &c. Et pourtãt

255.0 618.0 829.0 56.0 ſ’il vous plaiſt ainſi à vous tous qui eſtes ici pre¬

256.0 664.0 831.0 57.0 ſens, cõfirmez ceſte ſentẽce reiteree pour la troiſ

257.0 715.0 828.0 53.0 ieme fois par le conſentement de vos voix. Tout

258.0 761.0 821.0 60.0 le Clergé & le Peuple reſpondit: Quiconques

255.0 813.0 824.0 52.0 oſera contreuenir à ceſte voſtre determination,

255.0 857.0 827.0 52.0 ſoit en execration, Maran-atha: c’eſt à dire, en

257.0 907.0 825.0 55.0 perdition en l’aduenement du Seigneur, & tant

256.0 958.0 824.0 52.0 eux que leurs complices aient leur portion auec

256.0 1000.0 823.0 57.0 Iudas Iſcariot, Amen. Et pourtant nous & tous

254.0 1050.0 825.0 53.0 adminiſtrateurs des choſes ſacrees, admonne¬

253.0 1095.0 826.0 58.0 ſtons l’Egliſe de Chriſt & le Peuple de faire en

253.0 1146.0 826.0 55.0 ſorte que ceſte redoutable & tant de fois reite¬

253.0 1197.0 825.0 51.0 ree ſentence, ne condamne aucun de nous de ce

254.0 1242.0 823.0 57.0 preſent & eternel iugement: Ains gardans la foi

255.0 1290.0 823.0 56.0 promiſe à noſtre treſ-glorieux ſeigneur & Roi

253.0 1337.0 822.0 57.0 Siſenand, & le ſeruans par ſincere deuotion, nõ

253.0 1388.0 824.0 49.0 ſeulement nous attirions ſur nous la clemence

253.0 1432.0 822.0 57.0 de la miſericorde de Dieu, mais auſſi nous nous

253.0 1482.0 823.0 57.0 rendions capables de la grace de noſtre ſuſdit

255.0 1530.0 818.0 57.0 Prince: & requerons auſſi auecq telle humilité

256.0 1582.0 817.0 55.0 que nous deuons tant vous, Sire, ici preſent, que

257.0 1628.0 814.0 57.0 vos futurs ſucceſſeurs, qu’eſtans attrempez, &

254.0 1677.0 816.0 61.0 benins enuersvos ſubiets, vous gouuernies auec
