1132 1824
446 141 42 47 19

48 162 829 76 le Peuple Romain accepta volontairement Au¬

53 225 813 66 guſte, & ſes ſucceſſeurs: ou ſi le legitime Magi¬

51 278 818 56 ſtrat deuient Tyran manifeſte, comme Abime¬

50 323 827 57 lech entre les Iſraëlites, les trente en Athenes, &

50 369 826 61 les dix à Romme, & pluſieurs autres ailleurs, Ie

53 419 823 62 dy que ſans extraordinaire vocation de Dieu, à

54 472 828 53 laquelle ie ne touche point, il n’eſt licite à aucun

56 517 824 62 particulier d’oppoſer force à la force du Tyran

55 566 824 59 de ſon authorité priuee: ains il faut ou qu’il ſe re¬

56 616 824 56 tire ailleurs, ou qu’aiant recours à Dieu il ſouf¬

56 663 825 58 fre le ioug, ſans touteſfois (comme il a eſté dit au

57 709 823 61 commencement) ſe faire miniſtre de la Tyran¬

57 763 823 53 nie contre quelqu’vn, ou rien obmettre de ce

58 807 823 56 qu’il doit à Dieu, & à ſon prochain. Sur cela me

58 857 820 58 peut eſtre repliqué ce que nous auons aupara¬

57 905 817 54 uant determiné es deux autres eſpecesde Tyrãs,

58 952 821 58 auſquels nous auons dit que les particuliers meſ

58 1001 824 55 mes eſtoient tenus de ſ’oppoſer de tout leur pou

58 1047 823 60 uoir. Car de prime-face ſoit que quelque priué

60 1095 820 59 vueille vſurper la domination, ſoit que quelqu’¬

60 1147 819 51 vn ne ſe contentant de ſa domination legitime,

60 1193 822 56 vſe de Tyrannie, tout reuient à vn, & par conſe¬

61 1240 823 59 quent il ſemble qu’vne meſme reſolution doit

60 1286 822 55 auoir lieu en vn cas comme en l’autre. Mais ſi

61 1338 820 56 nous regardons de pres à ces choſes, nous trou¬

62 1385 822 57 uerons qu’il y a treſ-grande difference entre ces

61 1430 826 62 deux eſpeces qui ſemblent eſtre pareilles. Car

62 1482 825 57 celui qui enuahit ceux qui ne lui ſont nullemẽt

61 1528 825 58 ſubiets (encores qu’il vouluſt dominer equita¬

62 1573 824 59 blement, cõme nous liſons auoir eſté fait par Pi¬

62 1623 826 59 ſiſtrate & Demetrius Phalereus à Athenes) peut

64 1674 823 66 eſtre iuſtement empeſché, voire par force d’ar¬

628 1734 66 58 C 2

883 158 169 68 fouffrir le

882 215 170 55 ioug de leur

881 265 152 39 ſouuerain

880 296 179 50 deuenu Ty¬

885 337 172 52 ran, ou bien

888 373 164 63 euiter ſa fu¬

885 416 70 58 reur.
