1132 1824
637 144 47 53 54

253 187 206 55 protecteur?

287 229 789 60 Le ſommaire de tout ce que deſſus, eſt: Que le

251 281 824 51 ſouuerain gouuernemẽt eſt tellement entre les

247 331 829 53 mains des Rois, ou autres tels ſouuerains Magi¬

246 377 829 55 ſtrats, que ſi ce neantmoins ſe deſtournans des

247 426 826 55 bonnes loix & conditions, qu’ils auront iurees,

247 474 829 52 ils ſe rendent Tyrans tous manifeſtes, & ne don

246 519 828 56 nent lieu à meilleur conſeil: Alors il eſt permis

246 569 829 55 aux Magiſtrats inferieurs de pouruoir à ſoi & à

246 620 828 52 ceux qu’ils ont en charge, reſiſtans à ce Tyran

245 666 830 54 manifeſte. Et quant aux Eſtats du païs ou au¬

247 715 825 55 tres, à qui telle authorité eſt donnee par les loix,

247 761 827 59 ils ſ’y peuuent & doiuent oppoſer iuſques à re¬

246 811 827 53 mettre les choſes en leur eſtat, & punir meſmes

246 856 827 54 le Tyran, ſi beſoin eſt, ſelon ſes demerites. En¬

248 904 824 58 quoi faiſant tant ſ’en faut qu’ils doiuent eſtre te¬

246 954 825 51 nus ſeditieux & rebelles, que tout au rebours ils

247 1003 826 54 ſ'acquittent du deuoir & ſerment qu’ils ont à

247 1047 386 52 Dieu, & à leur Patrie.

291 1096 781 57 Et combien que nous aions ci-deſſus prouué

248 1148 823 53 la prattique de ces choſes par treſ-euidens exem

249 1193 823 57 ples des Roiaumes, & Empires anciens & nou¬

247 1243 824 55 ueaux: touteſ-fois à fin qu’on ne replique qu’on

247 1292 821 54 doit iuger non par exemples, mais par les Loix,

247 1339 823 55 i’adiouſter ai pluſieurs raiſons pour confirmatiõ

248 1387 293 52 de ce que deſſus.

293 1427 778 62 Or donc, Ie di que l’equité meſmes & ce droit

252 1485 819 48 de nature, duquel depend l’entretenement de

254 1529 814 57 toute la ſocieté humaine, ne permet que nous

253 1582 814 51 reuoquions en doute aucun de ces deux points,

254 1626 815 53 aſſauoir qu’en toutes conuentions qui ſe cõtra¬

258 1679 810 61 ctent par le ſeul conſentement des parties, ceux

81 222 153 47 Concluſion

81 261 161 49 le la puiſſan

79 301 158 55 ce des Eſtats

83 1445 166 52 Les condi¬

82 1486 158 52 ions appo¬

79 1523 161 51 ees à vne cõ

81 1571 160 41 ention n’e¬

83 1603 158 47 ans obſer¬

85 1643 159 48 ees, la con¬

88 1682 150 116 ention eſt
