1132 1824
445.0 130.0 52.0 75.0 75

58.0 190.0 817.0 58.0 mi de Dieu, qu’il faudroit meſmes prier expreſ¬

58.0 237.0 817.0 59.0 ſément contre lui, teſmoin toute l’Egliſe Chre¬

58.0 285.0 817.0 60.0 ſtienne qui a prié, & a eſté exaucee contre l’Em¬

60.0 336.0 596.0 58.0 pereur Iulien ſurnommé l’apoſtat.

97.0 380.0 781.0 61.0 On produit auſſi l’exẽple de leſus Chriſt, qui

59.0 431.0 812.0 59.0 a payé le tribut à l’Empereur Tybere inique vſur

59.0 475.0 815.0 64.0 pateur de Iudee, & pluſtoſt mõſtre qu’vn hõme:

59.0 524.0 814.0 64.0 & que les ſeditieux qui ont voulu au contraire

59.0 571.0 820.0 56.0 reſiſter aux Empereurs Romains, comme vn Iu

62.0 624.0 809.0 51.0 das Golonite, Theudas, & autres, & finalement

62.0 667.0 806.0 59.0 toute la natiõ des luifs, pour ne vouloir receuoil

60.0 715.0 814.0 57.0 la fauſſe religion des Payens, ſont malheureuſe¬

62.0 763.0 818.0 68.0 ment peris. Ie reſpon, qu’il y a grande diffe¬

62.0 813.0 814.0 59.0 rence entre le droit de Roi & la Tyrannie. Ieſus

66.0 863.0 813.0 60.0 Chriſt donc (lequel encores qu’il feuſt ſeigneur

64.0 913.0 817.0 54.0 du ciel & de la terre, & que meſmes comme iſſu

65.0 959.0 816.0 58.0 de Dauid, le Roiaume de Iudee lui appartint

66.0 1006.0 814.0 61.0 pluſtoſt qu’aux Romains, ni à Herodes. Iouteſ¬

65.0 1057.0 816.0 58.0 fois n’eſtant venu en terre pour y regner à la fa¬

69.0 1104.0 813.0 60.0 çon des hommes: ains pour eſtre en ceſt eſgard

69.0 1152.0 814.0 58.0 perſonne priuee, & non vſant des priuileges de

69.0 1203.0 812.0 53.0 la maiſon de Dauid) a confermé par exemple,

70.0 1250.0 815.0 56.0 que les tributs & autres telles charges ſont deu¬

68.0 1293.0 817.0 58.0 es & paiees iuſtement aux Princes & ſeigneurs.

72.0 1348.0 813.0 54.0 Car combien que les Empereurs Romains euſ¬

70.0 1397.0 816.0 49.0 ſent au commencement enuahi iniuſtement le

71.0 1442.0 814.0 55.0 Roiaume de Iudee, ſi en eſtoient-ils deuenus

72.0 1493.0 814.0 57.0 ſeigneurs legitimes, en partie par vn iuſte iuge¬

73.0 1542.0 816.0 55.0 ment de Dieu, en partie par l’adueu & conſen¬

76.0 1588.0 813.0 54.0 tement ſinon de tous, au moins de la pluſ-part:

74.0 1636.0 817.0 55.0 comme ils l’ont aſſez declaré puis apres, quand

74.0 1682.0 809.0 61.0 ils ont crié, Nous n’auons point d’autre Roi que

699.0 1731.0 92.0 65.0 K 2

908.0 376.0 149.0 44.0 Pourquoi

880.0 411.0 178.0 40.0 les Iuifs ont

878.0 448.0 181.0 54.0 eſtéſeditieux

885.0 495.0 151.0 41.0 contre les

890.0 530.0 143.0 47.0 Romains,

880.0 568.0 174.0 52.0 auſquels Ie¬

879.0 609.0 150.0 47.0 ſus Chriſt

878.0 646.0 180.0 49.0 ſ'eſt volon¬

887.0 684.0 171.0 53.0 tairement aſ

887.0 729.0 114.0 46.0 ſubietti.

890.0 760.0 167.0 56.0 Matt.17.27.

885.0 805.0 164.0 55.0 Act.5.36.37

890.0 1287.0 112.0 71.0 Ro.13.7

899.0 1687.0 128.0 112.0 Iean 19.15
