1132 1824
651 129 53 51 74

266 175 824 53 pour regner: mais tout cela ne fait rien contre

262 218 826 58 nous. Et ne ſert de rien d’alleguer la vocation de

264 266 800 58 Ieroboam à lui declaree par Ahias Silonite.

263 317 820 57 Car l’hiſtoire teſmoigne que ce n’eſt pas ſur cela

261 362 822 61 que ſe fonda le peuple pour ſe rebeller de la mai

258 411 823 57 ſon de Dauid, & tuer Aburam le threſorier: ains

260 464 821 52 que ce fut vne pure reuolte & rebellion illegiti¬

258 509 824 59 me, quant au chemin qu’ils prindrent, au lieu

260 560 816 55 que par voie de droit ou de force bien reiglee,

256 606 824 58 ils pouuoient & deuoientſ'oppoſer à la Tyran¬

257 654 819 59 nie: car quelque fois il aduient de faire choſe iu¬

259 703 296 46 ſte iniuſtement.

304 747 772 58 On ſe ſert auſſi de ce que S. Pierre & S. Paul

260 801 816 55 commandent de prier pour les Rois, & autres

262 847 809 58 Magiſtrats qui eſtoient l’ayens & treſ-grans Ty

253 896 822 55 rans de leur temps. Ie le confeſſe: mais outre

263 940 809 63 ce que ceſte doctrine ſ’addreſſe aux perſonnes

256 993 813 56 priuees, auſquelles nous auons touſiours dit,

257 1041 814 54 n’eſtre laiſſé autre remede que de patience & de

258 1089 812 56 prieres. Il faut noter que ce que nous diſons que

263 1133 806 63 les Magiſtrats inferieurs, & les Eſtats peuuent

252 1185 817 54 & doiuent empeſcher la Tyrannie, ne contre¬

249 1234 818 54 uient point au deuoir des Chreſtiens, qui eſt nõ

247 1282 822 53 ſeulement de ne rendre mal pour mal, mais au

248 1331 818 55 contraire, de rendre bien pour mal, & de prier

246 1380 817 54 pour ſes ennemis: & n’empeſche point qu’on ne

246 1427 818 55 prie meſmes pour le changement du Tyran, au¬

246 1474 815 58 quel on reſiſte: & que lui reſiſtant on ne lui por¬

246 1526 815 50 te autant de reuerence que faire ſe peut, non ſeu

246 1572 813 56 lement en apparence, mais de volonté & d’ef¬

244 1619 815 51 fait. Ce neantmoins encores faut-il noter que

243 1665 810 66 le Tyran pourroit bien eſtre ſi execrable enne¬

82 264 168 53 1.Rois 11.30

77 749 154 42 1.Pier.2.17

76 789 152 40 1.Tim.2.2

74 823 174 51 En quel ſens

76 866 170 52 il faut pren¬

77 907 153 47 dre ce qui

76 940 170 55 eſt dit, Qu'il

77 991 150 43 faut prier

79 1024 166 53 pour les Ma

79 1068 166 44 giſtrats, en¬

78 1112 170 39 cores qu’ils

76 1141 168 62 ſoient Tyrãs
