1132 1824
648.0 170.0 55.0 42.0 42

256.0 208.0 832.0 53.0 nois en ſa harangue imprimee, de ce qu’ils ont

256.0 253.0 829.0 60.0 ainſi bien reiglé & limité la puiſſance de leurs

258.0 311.0 116.0 52.0 Rois.

309.0 346.0 780.0 60.0 Les Venitiens, deſquels la Republique, ſ'il en

259.0 399.0 830.0 53.0 faut iuger par le ſeul euenement, eſt la mieux

259.0 448.0 829.0 57.0 dreſſee & conduite, qui ait iamais eſté au mon¬

261.0 495.0 828.0 57.0 de quant à la prudence humaine: eliſent vn Duc

261.0 544.0 828.0 57.0 ſouuerain, non comme vn phantoſme, ainſi que

265.0 592.0 824.0 60.0 quelques vns peu exercez aux affaires de ce mõ¬

264.0 641.0 825.0 57.0 de, ont oſé eſcrire, mais comme vn chef, du quel

263.0 688.0 824.0 56.0 ſans aucun danger de Tyrannie, ils tirent toutes

266.0 734.0 825.0 56.0 les commoditez de la Monarchie. Et pourtant

265.0 780.0 822.0 61.0 comme le conſeil general, a ſeul la puiſſance de

266.0 829.0 822.0 60.0 l'elire par diuers circuits qui y ſont eſtablis: auſſi

266.0 877.0 822.0 62.0 ſ'eſt-il reſerué le point, ſans lequel tout le reſte

265.0 927.0 821.0 56.0 ſeroit aiſeément aneanti, aſſauoir de le depoſer,

268.0 978.0 822.0 54.0 voire meſmes de le punir, ſ’il entreprenoit aucũ

267.0 1023.0 822.0 58.0 acte Tyrannique, comme ils l’ont monſtré par

267.0 1072.0 821.0 55.0 exemple. C’eſt maintenant à pluſieurs autres

270.0 1116.0 820.0 60.0 Peuples d’Italie faiſans eſtat d’eſtre grans diſcou

268.0 1165.0 820.0 58.0 reurs des affaires de ce monde, iuſques à en faire

267.0 1216.0 821.0 55.0 des liures, de conſiderer en eux-meſmes, ſi en

267.0 1263.0 755.0 57.0 cela ils ont eſté auſſi ſages que les Venitiens.

316.0 1311.0 773.0 53.0 Quant à l’Eſpagne, l’eſtat de leur Roiaume a

267.0 1357.0 817.0 58.0 eſté merueilleuſemẽt troublé & deſreiglé long

265.0 1406.0 823.0 60.0 temps, ſ’y eſtant deſbordé comme vn deluge de

265.0 1453.0 824.0 55.0 diuerſes barbares nations de Septentrion & de

268.0 1500.0 820.0 58.0 Affrique, comme les hiſtoires certaines le teſ¬

266.0 1552.0 824.0 59.0 moignent, & leur langue le monſtre encores: ſi

266.0 1600.0 823.0 55.0 faut-il confeſſer que ç’a eſté vne nation de tout

267.0 1649.0 819.0 55.0 temps fort bien aduiſee. Et combien que ce dire

268.0 1692.0 815.0 67.0 d’Ariſtote ſoit vrai, que les barbares ſont pluſ¬

78.0 306.0 140.0 50.0 Exemple

80.0 349.0 181.0 50.0 des Ducs de

85.0 385.0 107.0 56.0 Veniſe.

86.0 1313.0 139.0 40.0 Exemple

86.0 1349.0 150.0 46.0 des Rois

86.0 1388.0 158.0 59.0 d’Eſpagne.
