<?xml version="1.0" encoding="UTF-8"?>
<alto xmlns:xsi="http://www.w3.org/2001/XMLSchema-instance"
      xmlns="http://www.loc.gov/standards/alto/ns-v4#"
      xsi:schemaLocation="http://www.loc.gov/standards/alto/ns-v4# http://www.loc.gov/standards/alto/v4/alto-4-2.xsd">
  <Description>
    <MeasurementUnit>pixel</MeasurementUnit>
    <sourceImageInformation>
      <fileName>17_14925_default.jpg</fileName>
      <fileIdentifier>mets//83_796e0_default.zip/17_14925_default.jpg</fileIdentifier>
    </sourceImageInformation>
  </Description>
  <Tags>
    <OtherTag ID="BT7" LABEL="CustomZone" DESCRIPTION="block type CustomZone"/><OtherTag ID="BT8" LABEL="DamageZone" DESCRIPTION="block type DamageZone"/><OtherTag ID="BT9" LABEL="DigitizationArtefactZone" DESCRIPTION="block type DigitizationArtefactZone"/><OtherTag ID="BT10" LABEL="DropCapitalZone" DESCRIPTION="block type DropCapitalZone"/><OtherTag ID="BT11" LABEL="GraphicZone" DESCRIPTION="block type GraphicZone"/><OtherTag ID="BT12" LABEL="MainZone" DESCRIPTION="block type MainZone"/><OtherTag ID="BT13" LABEL="MarginTextZone" DESCRIPTION="block type MarginTextZone"/><OtherTag ID="BT14" LABEL="MusicZone" DESCRIPTION="block type MusicZone"/><OtherTag ID="BT15" LABEL="NumberingZone" DESCRIPTION="block type NumberingZone"/><OtherTag ID="BT17" LABEL="QuireMarksZone" DESCRIPTION="block type QuireMarksZone"/><OtherTag ID="BT18" LABEL="RunningTitleZone" DESCRIPTION="block type RunningTitleZone"/><OtherTag ID="BT19" LABEL="SealZone" DESCRIPTION="block type SealZone"/><OtherTag ID="BT20" LABEL="StampZone" DESCRIPTION="block type StampZone"/><OtherTag ID="BT21" LABEL="TableZone" DESCRIPTION="block type TableZone"/><OtherTag ID="BT22" LABEL="TitlePageZone" DESCRIPTION="block type TitlePageZone"/><OtherTag ID="BT2582" LABEL="MainZone-Head" DESCRIPTION="block type MainZone-Head"/><OtherTag ID="BT2583" LABEL="MainZone-P" DESCRIPTION="block type MainZone-P"/><OtherTag ID="BT2584" LABEL="MarginTextZone-Notes" DESCRIPTION="block type MarginTextZone-Notes"/><OtherTag ID="BT2585" LABEL="MainZone-Continued" DESCRIPTION="block type MainZone-Continued"/>
    <OtherTag ID="LT7" LABEL="CustomLine" DESCRIPTION="line type CustomLine"/><OtherTag ID="LT8" LABEL="DefaultLine" DESCRIPTION="line type DefaultLine"/><OtherTag ID="LT9" LABEL="DropCapitalLine" DESCRIPTION="line type DropCapitalLine"/><OtherTag ID="LT10" LABEL="HeadingLine" DESCRIPTION="line type HeadingLine"/><OtherTag ID="LT11" LABEL="InterlinearLine" DESCRIPTION="line type InterlinearLine"/><OtherTag ID="LT12" LABEL="MusicLine" DESCRIPTION="line type MusicLine"/>
  </Tags>
  <Layout>
    <Page WIDTH="1132"
          HEIGHT="1824"
          PHYSICAL_IMG_NR="17"
          ID="eSc_dummypage_">
      <PrintSpace HPOS="0"
                  VPOS="0"
                  WIDTH="1132"
                  HEIGHT="1824">
        <TextBlock HPOS="645.0"
                   VPOS="139.0"
                   WIDTH="81.0"
                   HEIGHT="54.0"
                   ID="eSc_textblock_181a57db"
                   TAGREFS="BT15">
          <Shape><Polygon POINTS="645 139 645 193 726 193 726 139"/></Shape>
          <TextLine ID="eSc_line_20b3ca70"
                    TAGREFS="LT8"
                    BASELINE="668 182 712 180" 
                    HPOS="666"
                    VPOS="145"
                    WIDTH="46"
                    HEIGHT="51">
            <Shape><Polygon POINTS="707 146 697 145 687 145 680 145 675 145 666 150 668 182 668 191 711 196 712 180 708 147 707 146"/></Shape>
	    <String CONTENT="18"
                    HPOS="666"
                    VPOS="145"
                    WIDTH="46"
                    HEIGHT="51"
                    WC="0.9999348521232605"></String>
          </TextLine>
        </TextBlock>
        <TextBlock HPOS="278.0"
                   VPOS="192.0"
                   WIDTH="838.0"
                   HEIGHT="390.0"
                   ID="eSc_textblock_1bbdd5a3"
                   TAGREFS="BT2585">
          <Shape><Polygon POINTS="278 197 280 580 1116 582 1106 192"/></Shape>
          <TextLine ID="eSc_line_55cd4d8d"
                    TAGREFS="LT8"
                    BASELINE="278 230 1098 232" 
                    HPOS="277"
                    VPOS="189"
                    WIDTH="821"
                    HEIGHT="59">
            <Shape><Polygon POINTS="1088 202 1078 199 1068 196 1058 194 1051 194 1036 201 998 201 984 194 976 194 966 194 956 194 946 194 936 194 931 194 915 200 915 201 860 201 860 200 843 194 835 194 824 194 821 194 814 200 814 201 757 201 756 200 738 190 737 190 736 190 688 189 687 189 686 189 659 197 643 189 642 189 641 189 616 194 579 190 571 190 565 190 558 195 533 190 531 190 520 191 516 191 474 199 449 199 438 192 429 192 419 192 375 199 351 193 348 193 338 193 328 193 318 193 314 193 284 199 279 213 278 230 277 240 314 247 315 247 415 242 435 246 436 246 437 246 438 246 445 242 446 241 450 242 474 247 475 247 476 247 495 242 500 241 522 242 591 247 592 247 620 243 635 241 654 243 692 248 693 248 694 248 704 244 708 242 775 242 785 244 799 248 800 248 801 248 819 244 832 242 837 245 842 248 843 248 844 248 845 248 868 245 889 242 952 242 960 245 965 248 966 248 967 248 987 246 1015 242 1096 246 1098 232 1098 204 1088 202"/></Shape>
	    <String CONTENT="deſpouiller, ni leseccleſiaſtiques la receuoir des"
                    HPOS="277"
                    VPOS="189"
                    WIDTH="821"
                    HEIGHT="59"
                    WC="0.9983093130588532"></String>
          </TextLine>
          <TextLine ID="eSc_line_5bc6cde0"
                    TAGREFS="LT8"
                    BASELINE="279 279 1095 281" 
                    HPOS="279"
                    VPOS="239"
                    WIDTH="816"
                    HEIGHT="59">
            <Shape><Polygon POINTS="279 279 280 295 300 289 394 295 414 296 415 296 435 295 519 289 573 295 589 296 590 297 637 297 637 296 638 296 639 296 641 294 649 289 672 294 676 295 677 295 695 294 772 290 792 294 806 297 807 297 839 294 880 290 900 294 917 297 918 298 939 298 939 297 940 297 941 297 945 294 951 290 1014 291 1017 294 1021 297 1022 297 1023 297 1024 297 1094 293 1095 281 1094 245 1049 241 1048 241 1047 241 1040 244 1020 254 950 254 932 246 931 246 930 246 929 246 903 254 854 254 812 242 810 242 809 242 808 242 807 242 805 242 777 253 723 248 722 248 687 253 665 252 649 241 648 240 647 240 646 240 645 240 636 241 575 251 557 241 557 240 556 240 555 240 484 240 483 240 482 240 467 247 437 241 436 241 381 253 329 253 312 240 311 240 310 240 279 239 279 279"/></Shape>
	    <String CONTENT="Princes ou des Peuples, ou l’acquerir par argẽt,"
                    HPOS="279"
                    VPOS="239"
                    WIDTH="816"
                    HEIGHT="59"
                    WC="0.9877042113518228"></String>
          </TextLine>
          <TextLine ID="eSc_line_a166b137"
                    TAGREFS="LT8"
                    BASELINE="279 328 1095 327" 
                    HPOS="278"
                    VPOS="291"
                    WIDTH="817"
                    HEIGHT="55">
            <Shape><Polygon POINTS="279 328 279 337 500 337 507 339 525 345 526 345 527 345 584 340 616 337 657 340 718 345 719 346 749 346 749 345 750 345 751 345 758 341 762 338 788 341 820 345 821 345 853 342 884 338 906 342 922 345 923 345 944 342 967 339 974 342 979 345 980 345 982 345 983 345 992 343 1005 339 1014 343 1019 345 1020 345 1021 345 1042 343 1079 339 1092 343 1095 327 1093 301 1001 301 999 300 993 295 992 295 991 295 990 295 989 295 975 299 972 301 870 301 862 298 838 292 837 292 836 292 835 292 834 292 825 298 824 299 823 298 814 291 813 291 812 291 782 291 781 291 780 291 766 297 760 301 699 301 692 297 684 291 683 291 682 291 651 291 650 291 649 291 648 291 640 296 634 300 621 296 605 291 604 291 602 291 541 295 482 299 472 294 465 291 464 291 463 291 447 294 433 297 396 294 364 291 363 291 362 291 355 293 334 300 278 293 279 328"/></Shape>
	    <String CONTENT="tant ſ&#x27;en faut qu’ils aient peu ſ’en emparer par"
                    HPOS="278"
                    VPOS="291"
                    WIDTH="817"
                    HEIGHT="55"
                    WC="0.994637324164311"></String>
          </TextLine>
          <TextLine ID="eSc_line_3d8ef0b2"
                    TAGREFS="LT8"
                    BASELINE="277 376 1099 374" 
                    HPOS="276"
                    VPOS="339"
                    WIDTH="823"
                    HEIGHT="54">
            <Shape><Polygon POINTS="277 376 277 387 407 386 409 387 419 392 420 392 421 393 457 393 457 392 532 386 538 386 540 386 570 392 571 392 609 386 617 392 618 392 619 392 620 392 621 392 641 387 686 392 687 392 688 392 703 386 739 391 740 391 784 385 785 385 818 391 819 391 820 391 840 385 872 391 873 391 965 386 1029 391 1030 391 1031 391 1049 386 1087 390 1088 390 1089 390 1090 390 1099 384 1099 374 1096 347 943 350 930 345 914 339 913 339 912 339 911 339 910 339 900 345 895 348 889 345 886 344 885 344 884 344 875 345 838 350 829 345 822 339 821 339 820 339 793 339 792 339 791 339 790 339 783 344 774 350 714 350 698 344 691 341 690 341 689 341 688 341 687 341 684 343 672 352 605 352 591 343 587 340 586 340 585 340 562 340 561 340 560 340 551 343 542 345 523 342 518 342 517 342 516 342 515 342 502 351 486 342 485 342 484 342 483 342 472 342 333 347 323 341 322 340 321 340 320 340 319 340 276 340 277 376"/></Shape>
	    <String CONTENT="force ou par artifice, comme ils ont fait en vne"
                    HPOS="276"
                    VPOS="339"
                    WIDTH="823"
                    HEIGHT="54"
                    WC="0.9949128764371077"></String>
          </TextLine>
          <TextLine ID="eSc_line_1fac75b0"
                    TAGREFS="LT8"
                    BASELINE="280 425 1098 423" 
                    HPOS="279"
                    VPOS="387"
                    WIDTH="819"
                    HEIGHT="50">
            <Shape><Polygon POINTS="280 425 280 437 1097 437 1098 423 1096 391 977 387 976 387 975 387 974 387 970 390 958 398 788 398 777 390 774 387 773 387 772 387 771 387 752 390 712 396 696 390 690 387 689 387 688 387 687 387 677 389 647 399 590 399 576 389 575 388 574 388 573 388 545 388 544 388 543 388 539 389 514 398 490 390 489 390 488 390 416 398 399 389 397 388 396 388 395 388 394 388 391 389 359 399 329 399 315 390 314 390 313 390 279 389 280 425"/></Shape>
	    <String CONTENT="bonne partie du monde. Et tout ceci ſoit dit"
                    HPOS="279"
                    VPOS="387"
                    WIDTH="819"
                    HEIGHT="50"
                    WC="0.9865161600438032"></String>
          </TextLine>
          <TextLine ID="eSc_line_986b83fa"
                    TAGREFS="LT8"
                    BASELINE="283 474 1096 472" 
                    HPOS="282"
                    VPOS="434"
                    WIDTH="814"
                    HEIGHT="55">
            <Shape><Polygon POINTS="283 474 283 487 439 483 446 488 447 489 448 489 449 489 450 489 463 488 491 484 618 488 665 489 666 489 667 489 671 488 691 482 835 488 843 488 844 488 845 488 846 488 854 483 1000 487 1001 487 1035 482 1050 487 1051 487 1052 487 1053 487 1065 482 1094 488 1096 472 1094 435 987 435 986 435 985 435 984 435 983 436 970 445 928 445 916 437 913 435 912 435 911 435 910 435 909 435 908 435 904 437 893 445 864 445 852 438 844 434 843 434 787 434 786 434 785 434 784 434 777 439 769 444 707 440 696 440 695 440 684 441 634 445 627 441 614 435 613 435 593 435 592 435 591 435 590 435 581 442 576 446 530 446 521 443 503 438 502 438 501 438 476 443 461 435 460 435 459 435 400 443 386 437 385 437 328 435 327 435 326 435 282 446 283 474"/></Shape>
	    <String CONTENT="quãt aux Tyrans vſurpateurs de leur dominatiõ,"
                    HPOS="282"
                    VPOS="434"
                    WIDTH="814"
                    HEIGHT="55"
                    WC="0.9907486128310362"></String>
          </TextLine>
          <TextLine ID="eSc_line_56a385a4"
                    TAGREFS="LT8"
                    BASELINE="283 525 415 521 1096 519" 
                    HPOS="282"
                    VPOS="482"
                    WIDTH="814"
                    HEIGHT="57">
            <Shape><Polygon POINTS="283 525 283 532 352 532 356 532 382 538 383 538 384 538 395 532 396 532 398 532 412 537 413 537 414 537 437 533 458 539 459 539 460 539 491 532 495 532 502 532 551 538 552 538 553 538 564 532 568 530 583 532 622 537 623 537 624 537 625 537 631 532 634 530 662 530 666 532 687 538 688 538 689 538 690 538 711 533 807 537 808 537 809 537 810 537 816 532 819 530 833 532 868 537 869 537 1095 532 1096 519 1093 493 1041 493 1039 492 1017 482 1016 482 1015 482 1014 482 989 488 953 483 952 483 951 483 933 492 930 494 893 494 890 492 880 484 879 484 878 484 855 482 854 482 823 487 792 482 791 482 790 482 770 491 763 495 705 495 699 491 689 484 688 484 687 484 686 484 685 484 658 491 645 495 622 495 615 491 601 484 600 484 599 484 598 484 584 491 577 495 537 495 506 490 484 487 483 487 469 490 448 495 436 490 422 484 421 484 420 484 282 489 283 525"/></Shape>
	    <String CONTENT="ou ſur leurs concitoiens ou ſur les peuples e¬"
                    HPOS="282"
                    VPOS="482"
                    WIDTH="814"
                    HEIGHT="57"
                    WC="0.9815867931946464"></String>
          </TextLine>
          <TextLine ID="eSc_line_15c99ba0"
                    TAGREFS="LT8"
                    BASELINE="286 569 464 570" 
                    HPOS="283"
                    VPOS="527"
                    WIDTH="179"
                    HEIGHT="61">
            <Shape><Polygon POINTS="283 583 459 588 462 570 461 541 415 530 413 530 372 533 317 538 286 527 284 568 283 583"/></Shape>
	    <String CONTENT="ſtrangers."
                    HPOS="283"
                    VPOS="527"
                    WIDTH="179"
                    HEIGHT="61"
                    WC="0.9999011158943176"></String>
          </TextLine>
        </TextBlock>
        <TextBlock HPOS="275"
                   VPOS="584"
                   WIDTH="840"
                   HEIGHT="1016"
                   ID="eSc_textblock_1cd7dc17"
                   TAGREFS="BT2583">
          <Shape><Polygon POINTS="275 587 283 1600 1112 1593 1115 584"/></Shape>
          <TextLine ID="eSc_line_caf77300"
                    TAGREFS="LT8"
                    BASELINE="327 616 1098 618" 
                    HPOS="326"
                    VPOS="575"
                    WIDTH="772"
                    HEIGHT="57">
            <Shape><Polygon POINTS="1097 595 1096 587 1019 577 1018 577 1017 577 989 587 987 587 985 587 961 576 960 576 959 576 958 576 935 586 933 587 930 586 907 576 906 576 885 576 884 576 883 576 882 576 871 586 868 588 837 588 832 585 815 578 814 578 813 578 785 582 777 576 776 576 775 576 728 576 727 576 726 576 725 576 715 583 690 575 689 575 688 575 687 575 654 584 643 587 584 587 577 583 561 575 560 575 511 575 510 575 509 575 489 582 477 587 448 587 435 582 416 575 415 575 414 575 413 575 399 581 388 587 370 587 363 581 356 575 355 575 354 575 353 575 327 580 327 616 326 625 341 632 342 632 343 632 1097 628 1098 618 1097 596 1097 595"/></Shape>
	    <String CONTENT="Il reſte maintenant à deduire vne queſtion"
                    HPOS="326"
                    VPOS="575"
                    WIDTH="772"
                    HEIGHT="57"
                    WC="0.9863144921702008"></String>
          </TextLine>
          <TextLine ID="eSc_line_3e36c414"
                    TAGREFS="LT8"
                    BASELINE="283 665 1098 665" 
                    HPOS="283"
                    VPOS="630"
                    WIDTH="815"
                    HEIGHT="54">
            <Shape><Polygon POINTS="283 665 283 677 408 677 419 682 420 682 421 682 449 677 639 682 640 682 681 676 683 676 685 676 706 682 707 682 708 682 738 677 744 682 745 682 746 682 747 684 812 684 812 682 813 682 827 677 854 682 855 682 883 676 884 676 885 676 927 682 928 682 929 682 944 676 1097 676 1098 665 1097 639 1069 633 1068 633 1067 633 1051 638 1045 640 1018 638 997 636 996 636 995 636 990 637 978 641 962 637 934 630 933 630 932 630 931 630 930 630 921 637 913 642 877 642 853 636 826 630 825 630 824 630 810 635 794 642 657 642 638 633 629 630 628 630 627 630 626 630 618 633 599 641 550 632 534 630 533 630 532 630 525 632 504 642 451 642 418 631 414 630 413 630 283 630 283 665"/></Shape>
	    <String CONTENT="fort demenee de noſtre temps, &amp; non ſans cau¬"
                    HPOS="283"
                    VPOS="630"
                    WIDTH="815"
                    HEIGHT="54"
                    WC="0.9833732075161404"></String>
          </TextLine>
          <TextLine ID="eSc_line_d00657f0"
                    TAGREFS="LT8"
                    BASELINE="283 717 1098 712" 
                    HPOS="282"
                    VPOS="673"
                    WIDTH="816"
                    HEIGHT="60">
            <Shape><Polygon POINTS="283 717 283 725 364 725 367 726 385 732 386 732 387 732 388 732 408 726 424 733 425 733 426 733 427 733 443 726 446 725 449 726 468 732 469 732 470 732 471 732 487 726 489 726 490 726 510 732 511 732 512 733 578 733 578 732 579 732 594 726 595 726 596 726 606 732 607 732 608 732 609 732 640 727 656 724 683 727 721 731 722 731 723 731 739 727 744 726 761 727 801 730 802 730 820 727 853 722 983 726 984 726 1053 721 1062 727 1063 727 1064 727 1065 727 1085 723 1095 728 1098 712 1094 673 1058 686 1023 686 991 673 989 673 988 673 987 673 976 673 896 680 888 674 887 674 886 674 856 674 855 674 854 674 853 674 836 682 793 674 788 674 787 674 786 674 785 674 785 675 770 687 749 680 748 680 747 680 746 680 731 688 534 688 518 678 517 678 516 678 496 676 485 676 484 676 483 676 482 676 468 684 453 676 450 676 449 676 448 676 443 677 399 686 389 677 388 677 387 677 361 677 360 677 359 677 358 677 329 689 314 677 313 677 312 677 311 677 282 677 283 717"/></Shape>
	    <String CONTENT="ſe: aſſauoir, Ce que peuuent faire les ſubiets en"
                    HPOS="282"
                    VPOS="673"
                    WIDTH="816"
                    HEIGHT="60"
                    WC="0.9965485237082656"></String>
          </TextLine>
          <TextLine ID="eSc_line_449cb8d9"
                    TAGREFS="LT8"
                    BASELINE="292 768 388 764 1098 760" 
                    HPOS="290"
                    VPOS="717"
                    WIDTH="807"
                    HEIGHT="67">
            <Shape><Polygon POINTS="290 781 669 782 731 775 744 784 887 784 1008 773 1062 781 1097 772 1097 760 1095 729 1049 717 928 717 885 729 865 718 760 729 725 718 704 731 605 731 596 720 588 720 578 732 524 732 506 720 456 731 412 720 383 731 365 722 328 731 290 722 290 781"/></Shape>
	    <String CONTENT="bonne conſcience, quand leurs Magiſtrats ſou¬"
                    HPOS="290"
                    VPOS="717"
                    WIDTH="807"
                    HEIGHT="67"
                    WC="0.9972379114892748"></String>
          </TextLine>
          <TextLine ID="eSc_line_7c22d12e"
                    TAGREFS="LT8"
                    BASELINE="285 810 1095 809" 
                    HPOS="284"
                    VPOS="770"
                    WIDTH="809"
                    HEIGHT="61">
            <Shape><Polygon POINTS="284 808 284 831 1093 825 1093 808 1093 775 923 770 922 770 903 773 874 778 803 772 768 770 766 770 765 770 763 770 762 772 753 779 610 779 564 772 555 770 553 770 546 772 512 778 489 770 486 770 485 770 483 770 471 770 392 778 375 770 374 770 372 770 369 770 325 778 284 770 284 808"/></Shape>
	    <String CONTENT="uerains autremẽt legitimes, deuiennent Tyrans"
                    HPOS="284"
                    VPOS="770"
                    WIDTH="809"
                    HEIGHT="61"
                    WC="0.9965557831784954"></String>
          </TextLine>
          <TextLine ID="eSc_line_cbfea3b6"
                    TAGREFS="LT8"
                    BASELINE="284 861 1099 857" 
                    HPOS="283"
                    VPOS="820"
                    WIDTH="816"
                    HEIGHT="54">
            <Shape><Polygon POINTS="284 861 284 874 488 869 500 872 506 874 507 874 508 874 527 872 557 869 661 871 791 873 792 873 825 869 838 868 849 869 892 873 893 873 968 868 984 867 997 867 1077 872 1078 872 1079 872 1099 866 1099 857 1097 831 1068 831 1068 830 1046 820 1045 820 1017 820 1016 820 1015 820 995 829 977 820 976 820 952 820 951 820 899 830 893 831 889 830 862 821 861 821 860 821 859 821 858 821 847 830 845 832 824 832 821 830 806 822 805 822 804 822 803 822 780 830 775 832 724 832 720 830 706 821 705 821 704 821 703 821 702 821 668 829 656 832 626 832 621 829 607 822 606 822 585 822 584 822 583 822 582 822 572 829 567 833 543 833 539 829 530 822 529 822 527 822 526 822 492 827 365 823 364 823 363 823 352 829 344 833 283 829 284 861"/></Shape>
	    <String CONTENT="tous manifeſtes: &amp; ſi tel cas aduenant, l’autho¬"
                    HPOS="283"
                    VPOS="820"
                    WIDTH="816"
                    HEIGHT="54"
                    WC="0.9929186068475246"></String>
          </TextLine>
          <TextLine ID="eSc_line_4e339ae2"
                    TAGREFS="LT8"
                    BASELINE="283 908 1097 904" 
                    HPOS="282"
                    VPOS="866"
                    WIDTH="815"
                    HEIGHT="60">
            <Shape><Polygon POINTS="283 908 283 919 388 919 389 919 403 924 404 924 405 924 451 919 453 919 477 926 478 926 479 926 480 926 500 918 501 918 502 918 511 925 512 925 513 925 514 926 690 926 690 925 745 923 746 923 747 923 757 917 758 917 766 917 867 924 868 924 869 924 891 916 894 916 993 916 995 916 1029 923 1030 923 1096 915 1097 904 1094 866 1048 871 1030 867 1029 867 1028 867 1027 867 1026 867 1017 873 980 867 970 866 969 866 968 866 965 867 953 874 940 870 939 870 938 870 937 870 920 876 850 869 834 868 833 868 832 868 827 870 807 878 689 878 672 872 665 869 664 869 663 869 637 870 636 870 635 870 632 872 624 878 615 873 614 873 613 873 611 873 568 878 551 874 533 869 532 869 531 869 530 869 517 874 508 878 499 874 491 871 490 871 489 871 488 871 487 871 482 875 475 880 457 880 449 875 441 869 440 869 439 869 438 869 399 876 386 878 382 876 366 869 365 869 309 869 308 869 307 869 282 877 283 908"/></Shape>
	    <String CONTENT="rité des ſouuerains changez en Tyrans manife¬"
                    HPOS="282"
                    VPOS="866"
                    WIDTH="815"
                    HEIGHT="60"
                    WC="0.9924145094726396"></String>
          </TextLine>
          <TextLine ID="eSc_line_83f20840"
                    TAGREFS="LT8"
                    BASELINE="281 956 1097 952" 
                    HPOS="280"
                    VPOS="914"
                    WIDTH="817"
                    HEIGHT="58">
            <Shape><Polygon POINTS="281 956 282 971 299 966 416 966 426 971 427 971 428 971 429 971 430 971 431 971 438 966 477 970 486 971 487 971 494 970 517 967 523 970 525 972 526 972 527 972 529 972 539 970 555 967 574 970 588 972 589 972 606 970 624 967 629 970 634 972 635 972 636 972 637 972 643 970 652 966 702 969 717 970 718 970 719 970 723 969 739 965 755 969 762 971 763 971 764 972 868 972 868 971 869 971 875 969 887 964 902 968 909 970 910 970 911 970 976 969 977 969 978 969 979 968 988 963 1095 967 1097 952 1096 925 1068 914 1067 914 986 914 985 914 984 914 964 924 963 925 910 925 908 924 887 917 886 917 885 917 884 917 869 924 865 926 812 926 808 923 796 915 795 915 794 915 793 915 792 915 791 915 779 923 775 926 738 926 733 923 725 919 724 919 723 919 722 919 709 923 705 924 703 923 693 916 692 916 691 916 690 916 572 919 571 919 565 922 556 926 538 922 524 919 523 919 509 922 483 928 455 928 442 921 433 917 432 917 391 917 390 917 389 917 375 921 355 928 335 928 324 921 319 917 318 917 317 917 316 917 280 920 281 956"/></Shape>
	    <String CONTENT="ſtes eſt ſacree &amp; inuiolable iuſques là, qu’il faille"
                    HPOS="280"
                    VPOS="914"
                    WIDTH="817"
                    HEIGHT="58"
                    WC="0.9940015574296316"></String>
          </TextLine>
          <TextLine ID="eSc_line_76149cf8"
                    TAGREFS="LT8"
                    BASELINE="282 1004 1098 1001" 
                    HPOS="281"
                    VPOS="964"
                    WIDTH="817"
                    HEIGHT="57">
            <Shape><Polygon POINTS="282 1004 282 1021 340 1020 341 1020 342 1020 350 1013 371 1018 372 1018 373 1018 417 1013 515 1018 552 1020 553 1020 554 1020 560 1018 575 1012 600 1017 612 1019 613 1019 672 1016 721 1014 739 1015 779 1019 780 1019 781 1019 794 1015 803 1011 856 1011 869 1014 890 1018 891 1018 961 1012 982 1011 986 1012 1003 1018 1004 1018 1005 1018 1097 1010 1098 1001 1096 975 1048 973 1032 964 1031 964 979 964 978 964 977 964 976 964 964 974 962 974 934 973 837 970 836 970 835 970 828 973 823 976 759 976 753 972 743 965 742 965 741 965 740 965 739 965 718 972 707 976 638 976 630 971 620 966 619 966 618 966 594 970 578 965 577 965 576 965 524 966 523 966 522 966 516 970 507 976 476 970 455 966 354 966 353 966 352 966 344 969 330 975 314 969 307 966 306 966 305 966 281 968 282 1004"/></Shape>
	    <String CONTENT="que les ſubiets l’endurent ſans aucune reſiſtan¬"
                    HPOS="281"
                    VPOS="964"
                    WIDTH="817"
                    HEIGHT="57"
                    WC="0.9980810781319936"></String>
          </TextLine>
          <TextLine ID="eSc_line_4c0fa52d"
                    TAGREFS="LT8"
                    BASELINE="282 1052 1097 1048" 
                    HPOS="281"
                    VPOS="1009"
                    WIDTH="816"
                    HEIGHT="63">
            <Shape><Polygon POINTS="282 1052 282 1065 327 1062 331 1065 340 1071 341 1071 342 1071 343 1071 344 1071 345 1071 353 1065 356 1062 360 1065 371 1071 372 1071 373 1072 407 1072 407 1071 408 1071 420 1065 425 1062 446 1065 488 1069 489 1069 523 1065 538 1062 541 1065 551 1070 552 1070 553 1071 659 1071 659 1070 660 1070 677 1064 685 1061 697 1064 727 1069 728 1069 729 1069 747 1064 755 1061 759 1064 770 1069 771 1069 772 1069 773 1069 783 1064 787 1061 796 1064 810 1066 811 1066 836 1062 858 1060 862 1062 869 1068 870 1068 871 1068 872 1068 873 1068 890 1062 903 1059 918 1062 927 1065 928 1065 929 1065 930 1065 932 1062 937 1059 979 1059 986 1062 1001 1068 1002 1068 1003 1068 1096 1061 1097 1048 1095 1021 938 1021 937 1020 917 1009 916 1009 915 1009 914 1009 872 1020 855 1020 841 1010 840 1010 839 1010 795 1010 794 1010 793 1010 792 1010 780 1018 711 1010 710 1010 709 1010 687 1017 611 1011 610 1011 609 1011 608 1011 596 1019 548 1012 547 1012 546 1012 545 1012 536 1019 532 1023 488 1023 477 1019 453 1012 451 1012 422 1012 421 1012 420 1012 403 1019 398 1021 393 1019 376 1012 375 1012 374 1012 351 1013 350 1013 349 1013 341 1019 334 1023 322 1019 317 1017 316 1017 315 1017 314 1017 310 1019 300 1022 281 1019 282 1052"/></Shape>
	    <String CONTENT="ce: &amp; poſé le cas qu’õ puiſſe reſiſter, ſi on en peut"
                    HPOS="281"
                    VPOS="1009"
                    WIDTH="816"
                    HEIGHT="63"
                    WC="0.9957048849626021"></String>
          </TextLine>
          <TextLine ID="eSc_line_2a469998"
                    TAGREFS="LT8"
                    BASELINE="283 1100 1097 1098" 
                    HPOS="282"
                    VPOS="1062"
                    WIDTH="815"
                    HEIGHT="56">
            <Shape><Polygon POINTS="283 1100 283 1112 311 1112 319 1118 320 1118 321 1118 322 1118 351 1112 355 1111 357 1112 371 1117 372 1117 373 1117 374 1117 385 1112 388 1111 420 1111 422 1112 434 1118 435 1118 436 1118 478 1112 485 1111 488 1112 504 1118 505 1118 506 1118 507 1118 532 1112 537 1111 543 1112 579 1118 580 1118 581 1118 606 1112 607 1112 610 1112 671 1118 672 1118 673 1118 697 1112 706 1110 779 1110 783 1112 790 1117 791 1117 792 1117 793 1117 835 1112 855 1110 876 1110 880 1112 886 1117 887 1117 888 1117 889 1117 914 1112 925 1110 932 1112 945 1117 946 1117 947 1117 986 1112 1006 1110 1018 1112 1036 1116 1037 1116 1038 1116 1047 1112 1053 1110 1060 1112 1072 1117 1073 1117 1074 1117 1096 1112 1097 1098 1095 1074 1038 1066 1037 1066 996 1073 983 1062 982 1062 980 1062 922 1062 921 1062 920 1062 900 1073 899 1074 834 1074 834 1073 811 1062 810 1062 809 1062 771 1064 770 1064 769 1064 755 1073 753 1073 708 1062 707 1062 678 1064 677 1064 676 1064 661 1073 659 1074 645 1073 601 1069 600 1069 599 1069 587 1073 582 1074 577 1073 548 1066 547 1066 546 1066 545 1066 535 1073 532 1075 475 1075 471 1073 446 1064 445 1064 408 1064 407 1064 406 1064 405 1064 392 1073 389 1075 349 1075 345 1073 329 1065 328 1065 327 1065 326 1065 310 1073 306 1074 282 1073 283 1100"/></Shape>
	    <String CONTENT="venir iuſques aux armes. Ie reſpon qu’ily a trois"
                    HPOS="282"
                    VPOS="1062"
                    WIDTH="815"
                    HEIGHT="56"
                    WC="0.9915136269160679"></String>
          </TextLine>
          <TextLine ID="eSc_line_3d3ea1b8"
                    TAGREFS="LT8"
                    BASELINE="291 1147 1098 1147" 
                    HPOS="290"
                    VPOS="1106"
                    WIDTH="807"
                    HEIGHT="56">
            <Shape><Polygon POINTS="290 1146 290 1162 1097 1162 1097 1115 1068 1106 1046 1118 967 1118 909 1106 894 1118 861 1118 823 1106 817 1106 804 1115 795 1106 756 1106 731 1118 672 1118 642 1106 607 1118 526 1118 474 1106 424 1117 412 1108 357 1115 290 1106 290 1146"/></Shape>
	    <String CONTENT="ſortes de ſubiets: car les vns ſont perſonnes du"
                    HPOS="290"
                    VPOS="1106"
                    WIDTH="807"
                    HEIGHT="56"
                    WC="0.99560272321105"></String>
          </TextLine>
          <TextLine ID="eSc_line_5ff70ad7"
                    TAGREFS="LT8"
                    BASELINE="286 1197 325 1196 1092 1195" 
                    HPOS="283"
                    VPOS="1152"
                    WIDTH="807"
                    HEIGHT="62">
            <Shape><Polygon POINTS="284 1196 284 1214 1089 1206 1090 1194 1087 1152 622 1162 600 1159 553 1152 552 1152 550 1152 518 1161 509 1164 448 1164 447 1162 441 1156 441 1155 439 1155 438 1155 436 1155 435 1155 433 1155 426 1162 424 1162 375 1152 374 1152 283 1164 284 1196"/></Shape>
	    <String CONTENT="tout priuees, &amp; ſans aucune charge d’eſtat: Les"
                    HPOS="283"
                    VPOS="1152"
                    WIDTH="807"
                    HEIGHT="62"
                    WC="0.9970653006371032"></String>
          </TextLine>
          <TextLine ID="eSc_line_2ca72515"
                    TAGREFS="LT8"
                    BASELINE="285 1247 1098 1242" 
                    HPOS="284"
                    VPOS="1203"
                    WIDTH="814"
                    HEIGHT="59">
            <Shape><Polygon POINTS="285 1247 285 1256 335 1262 336 1262 337 1262 338 1262 345 1256 346 1256 356 1256 412 1260 413 1260 441 1256 454 1255 520 1255 523 1256 530 1261 531 1261 532 1261 533 1261 618 1256 657 1254 663 1256 674 1260 675 1260 676 1260 677 1260 678 1260 685 1256 689 1254 713 1256 759 1260 760 1260 807 1259 808 1259 809 1259 813 1256 817 1253 831 1256 846 1259 847 1259 867 1256 879 1254 888 1256 901 1259 902 1259 903 1259 919 1256 936 1252 973 1256 999 1258 1000 1258 1018 1256 1044 1252 1096 1255 1098 1242 1097 1216 1065 1204 1064 1204 1063 1204 1062 1204 1046 1208 1032 1203 1031 1203 935 1203 934 1203 933 1203 891 1216 889 1217 788 1217 786 1216 750 1205 749 1205 748 1205 712 1207 711 1207 695 1216 693 1218 639 1218 635 1216 605 1206 604 1206 602 1206 601 1206 600 1206 585 1216 581 1219 546 1219 542 1216 529 1206 527 1206 526 1206 525 1206 486 1216 478 1218 474 1216 453 1206 451 1206 450 1206 374 1216 358 1218 284 1217 285 1247"/></Shape>
	    <String CONTENT="autres ſont Magiſtrats auſſi, mais au deſſous du"
                    HPOS="284"
                    VPOS="1203"
                    WIDTH="814"
                    HEIGHT="59"
                    WC="0.9915768392384052"></String>
          </TextLine>
          <TextLine ID="eSc_line_85ceb3af"
                    TAGREFS="LT8"
                    BASELINE="281 1296 1099 1289" 
                    HPOS="280"
                    VPOS="1252"
                    WIDTH="819"
                    HEIGHT="59">
            <Shape><Polygon POINTS="281 1296 281 1304 541 1311 542 1311 571 1304 577 1303 585 1304 619 1310 620 1310 648 1305 704 1309 705 1309 706 1309 707 1309 714 1304 716 1303 733 1304 803 1309 804 1309 831 1304 847 1301 882 1304 924 1307 925 1307 943 1304 962 1300 973 1304 983 1307 984 1307 985 1307 1098 1303 1099 1289 1098 1260 1075 1252 1074 1252 1073 1252 1072 1252 1048 1260 1036 1264 1013 1264 1006 1259 995 1254 994 1254 993 1254 992 1254 976 1259 965 1264 887 1264 876 1259 863 1253 862 1253 837 1253 836 1253 835 1253 834 1253 825 1259 821 1262 816 1259 806 1254 805 1254 770 1254 769 1254 768 1254 757 1259 742 1266 703 1266 690 1259 687 1257 686 1257 651 1255 650 1255 649 1255 642 1258 628 1267 525 1267 511 1258 509 1256 508 1256 507 1256 506 1256 496 1258 459 1268 406 1268 382 1258 380 1257 379 1257 378 1257 280 1257 281 1296"/></Shape>
	    <String CONTENT="ſouuerain, &amp; par conſequẽt ſubalternes ou infe"
                    HPOS="280"
                    VPOS="1252"
                    WIDTH="819"
                    HEIGHT="59"
                    WC="0.9975001532980736"></String>
          </TextLine>
          <TextLine ID="eSc_line_fff964ee"
                    TAGREFS="LT8"
                    BASELINE="281 1341 1097 1338" 
                    HPOS="280"
                    VPOS="1302"
                    WIDTH="817"
                    HEIGHT="53">
            <Shape><Polygon POINTS="281 1341 281 1355 1097 1351 1097 1338 1095 1302 1063 1302 1062 1302 1061 1302 1038 1313 1017 1302 1016 1302 1015 1302 951 1302 950 1302 949 1302 947 1303 922 1314 882 1314 857 1303 853 1302 852 1302 851 1302 810 1303 809 1303 807 1304 785 1314 774 1309 773 1309 772 1309 771 1309 770 1309 761 1315 691 1315 670 1305 666 1303 665 1303 664 1303 663 1303 658 1305 635 1315 483 1315 469 1306 467 1304 466 1304 465 1304 464 1304 400 1305 399 1305 393 1307 365 1315 343 1315 330 1307 325 1304 324 1304 323 1304 322 1304 280 1307 281 1341"/></Shape>
	    <String CONTENT="rieurs: Tiercement, il en y a d’autres, leſquels"
                    HPOS="280"
                    VPOS="1302"
                    WIDTH="817"
                    HEIGHT="53"
                    WC="0.9972594852248827"></String>
          </TextLine>
          <TextLine ID="eSc_line_b37f66bf"
                    TAGREFS="LT8"
                    BASELINE="281 1390 1096 1386" 
                    HPOS="280"
                    VPOS="1350"
                    WIDTH="816"
                    HEIGHT="57">
            <Shape><Polygon POINTS="281 1390 282 1407 308 1400 417 1407 426 1407 427 1407 435 1407 526 1399 564 1406 565 1406 566 1406 567 1406 583 1399 680 1406 687 1406 688 1406 691 1406 729 1399 757 1404 758 1404 759 1404 760 1404 767 1398 793 1403 794 1403 858 1398 875 1404 876 1404 877 1404 878 1404 893 1397 928 1397 938 1404 939 1404 940 1404 941 1404 942 1404 970 1397 1010 1404 1011 1404 1059 1397 1094 1404 1096 1386 1093 1356 937 1359 930 1357 914 1350 913 1350 912 1350 798 1355 759 1351 758 1351 757 1351 736 1358 728 1361 699 1361 695 1358 683 1352 682 1352 642 1352 641 1352 613 1359 601 1362 544 1362 540 1359 531 1352 530 1352 529 1352 527 1352 526 1352 525 1352 517 1357 485 1352 484 1352 483 1352 456 1360 445 1363 397 1363 391 1360 379 1355 378 1355 376 1355 352 1360 346 1361 342 1360 307 1353 306 1353 305 1353 280 1360 281 1390"/></Shape>
	    <String CONTENT="encores qu’ils n’aient la puiſſance ſouueraine &amp;"
                    HPOS="280"
                    VPOS="1350"
                    WIDTH="816"
                    HEIGHT="57"
                    WC="0.9981635014216105"></String>
          </TextLine>
          <TextLine ID="eSc_line_53435dda"
                    TAGREFS="LT8"
                    BASELINE="280 1438 1096 1434" 
                    HPOS="279"
                    VPOS="1398"
                    WIDTH="817"
                    HEIGHT="58">
            <Shape><Polygon POINTS="280 1438 280 1456 340 1449 433 1454 434 1454 461 1449 477 1454 480 1455 481 1455 482 1455 483 1455 484 1455 485 1454 490 1449 505 1454 507 1454 508 1454 509 1455 562 1455 562 1454 563 1454 564 1454 565 1453 573 1448 616 1452 635 1454 636 1454 653 1452 688 1447 707 1451 716 1453 717 1454 752 1454 752 1453 753 1453 755 1453 758 1451 764 1447 798 1450 822 1452 823 1452 824 1452 825 1452 828 1450 834 1447 839 1450 847 1453 848 1453 849 1453 874 1449 895 1446 933 1446 937 1448 941 1452 942 1452 943 1452 944 1453 1008 1453 1008 1452 1009 1452 1010 1452 1016 1447 1019 1446 1030 1447 1075 1452 1076 1452 1077 1452 1096 1446 1096 1434 1094 1409 1037 1409 1015 1398 1014 1398 974 1398 973 1398 972 1398 971 1398 957 1409 956 1410 935 1410 934 1409 895 1398 894 1398 893 1398 845 1399 844 1399 816 1410 815 1411 801 1411 800 1410 786 1399 785 1399 784 1399 745 1399 744 1399 743 1399 742 1399 729 1409 701 1410 685 1412 660 1412 659 1411 635 1400 634 1400 633 1400 632 1400 605 1411 604 1412 514 1412 514 1411 504 1404 503 1404 502 1404 464 1401 463 1401 462 1401 440 1412 420 1412 387 1412 386 1412 368 1401 367 1401 366 1401 340 1401 339 1401 279 1412 280 1438"/></Shape>
	    <String CONTENT="ordinaire à manier, toutesfois ſont ordonnez"
                    HPOS="279"
                    VPOS="1398"
                    WIDTH="817"
                    HEIGHT="58"
                    WC="0.9865842647022671"></String>
          </TextLine>
          <TextLine ID="eSc_line_af418a6f"
                    TAGREFS="LT8"
                    BASELINE="282 1489 1096 1481" 
                    HPOS="282"
                    VPOS="1444"
                    WIDTH="814"
                    HEIGHT="58">
            <Shape><Polygon POINTS="282 1502 391 1496 503 1499 557 1500 558 1500 580 1498 612 1494 627 1497 638 1499 639 1499 669 1496 703 1493 725 1495 750 1498 751 1498 779 1494 798 1492 813 1494 837 1497 838 1497 860 1493 868 1492 904 1492 1041 1495 1042 1495 1043 1495 1044 1495 1051 1490 1052 1490 1078 1495 1079 1495 1080 1495 1096 1489 1096 1481 1094 1456 1062 1456 1061 1455 1039 1444 1038 1444 1037 1444 1036 1444 997 1455 992 1457 953 1457 949 1455 919 1445 918 1445 917 1445 868 1446 867 1446 853 1452 816 1449 815 1449 814 1449 813 1449 807 1454 791 1446 790 1446 789 1446 788 1446 776 1452 749 1447 748 1447 747 1447 730 1454 723 1457 716 1454 699 1447 698 1447 697 1447 643 1449 642 1449 629 1454 615 1460 579 1460 553 1454 542 1451 541 1451 540 1451 539 1451 538 1451 534 1454 522 1460 468 1455 467 1455 466 1455 465 1455 457 1462 419 1462 406 1453 402 1450 401 1450 400 1450 399 1450 380 1453 338 1460 324 1453 322 1452 321 1452 320 1452 319 1452 317 1453 306 1459 282 1453 282 1489 282 1502"/></Shape>
	    <String CONTENT="pour ſeruir comme de bride &amp; de frein au ſou¬"
                    HPOS="282"
                    VPOS="1444"
                    WIDTH="814"
                    HEIGHT="58"
                    WC="0.9952653143141005"></String>
          </TextLine>
          <TextLine ID="eSc_line_9d090ab8"
                    TAGREFS="LT8"
                    BASELINE="281 1536 1095 1530" 
                    HPOS="280"
                    VPOS="1492"
                    WIDTH="815"
                    HEIGHT="59">
            <Shape><Polygon POINTS="281 1536 281 1545 359 1545 361 1545 398 1551 399 1551 400 1551 419 1545 446 1550 447 1550 448 1550 462 1544 463 1544 474 1550 475 1550 476 1551 536 1551 536 1550 537 1550 560 1544 572 1549 573 1549 574 1549 599 1543 602 1543 606 1543 647 1549 648 1549 649 1549 650 1549 657 1544 691 1548 692 1548 733 1542 736 1542 737 1542 752 1548 753 1548 755 1549 821 1549 821 1548 822 1548 823 1548 829 1543 912 1547 913 1547 914 1547 915 1547 921 1542 947 1546 948 1546 949 1546 960 1541 985 1545 986 1545 1094 1539 1095 1530 1093 1499 1039 1493 1038 1493 1011 1500 1000 1502 997 1500 987 1492 986 1492 985 1492 967 1492 966 1492 965 1492 964 1492 951 1500 945 1504 899 1504 895 1501 884 1493 883 1493 882 1493 861 1493 860 1493 859 1493 858 1493 848 1502 845 1503 828 1502 783 1498 782 1498 781 1498 769 1503 764 1504 752 1503 724 1499 723 1499 722 1499 721 1499 715 1503 712 1505 647 1505 645 1504 633 1495 632 1495 631 1495 630 1495 442 1496 353 1506 314 1499 313 1499 312 1499 311 1499 299 1508 280 1508 281 1536"/></Shape>
	    <String CONTENT="uerain Magiſtrat. Et comme ces eſpeces ſont di¬"
                    HPOS="280"
                    VPOS="1492"
                    WIDTH="815"
                    HEIGHT="59"
                    WC="0.9936232465378781"></String>
          </TextLine>
          <TextLine ID="eSc_line_1c51556b"
                    TAGREFS="LT8"
                    BASELINE="283 1584 1077 1579" 
                    HPOS="282"
                    VPOS="1541"
                    WIDTH="795"
                    HEIGHT="58">
            <Shape><Polygon POINTS="283 1584 283 1591 439 1599 440 1599 487 1591 489 1591 490 1591 511 1598 512 1598 513 1598 514 1598 538 1591 539 1591 540 1591 582 1598 583 1598 584 1598 610 1591 614 1590 621 1591 664 1597 665 1598 751 1598 751 1597 779 1590 782 1590 784 1590 803 1594 804 1594 805 1594 813 1590 815 1589 822 1590 849 1596 850 1596 904 1594 906 1594 907 1594 912 1590 913 1589 915 1590 927 1594 928 1594 929 1594 930 1594 947 1590 955 1588 961 1590 970 1593 971 1593 972 1593 973 1593 983 1590 988 1588 1006 1590 1051 1594 1052 1594 1077 1589 1077 1579 1075 1552 918 1541 917 1541 916 1541 881 1550 850 1544 849 1544 848 1544 847 1544 838 1552 837 1553 811 1553 810 1552 798 1542 797 1542 796 1542 795 1542 747 1552 743 1552 741 1552 723 1543 722 1543 721 1543 674 1552 665 1553 662 1552 649 1543 648 1543 647 1543 646 1543 645 1543 628 1552 625 1553 616 1552 600 1549 599 1549 598 1549 597 1549 594 1552 590 1554 582 1552 560 1544 559 1544 558 1544 557 1544 539 1552 532 1554 523 1552 512 1548 511 1548 510 1548 509 1548 508 1548 504 1552 500 1554 479 1552 457 1549 456 1549 455 1549 448 1552 439 1556 387 1556 379 1552 366 1545 365 1545 364 1545 282 1551 283 1584"/></Shape>
	    <String CONTENT="uerſes, ainſi en faut-il reſpondre diuerſement."
                    HPOS="282"
                    VPOS="1541"
                    WIDTH="795"
                    HEIGHT="58"
                    WC="0.9872558598822736"></String>
          </TextLine>
        </TextBlock>
        <TextBlock HPOS="284.0"
                   VPOS="1594.0"
                   WIDTH="825.0"
                   HEIGHT="158.0"
                   ID="eSc_textblock_873886c2"
                   TAGREFS="BT2583">
          <Shape><Polygon POINTS="284 1599 284 1751 1104 1752 1109 1594"/></Shape>
          <TextLine ID="eSc_line_7d7bde74"
                    TAGREFS="LT8"
                    BASELINE="335 1634 1097 1627" 
                    HPOS="334"
                    VPOS="1590"
                    WIDTH="763"
                    HEIGHT="61">
            <Shape><Polygon POINTS="335 1634 335 1642 355 1650 356 1650 357 1651 407 1651 407 1650 408 1650 409 1650 416 1644 471 1649 472 1649 473 1649 474 1649 484 1642 544 1649 545 1649 546 1649 547 1649 547 1648 556 1641 597 1648 598 1648 638 1640 657 1648 658 1648 659 1648 660 1648 691 1639 693 1639 695 1639 737 1646 738 1646 739 1646 761 1639 828 1639 838 1646 839 1646 840 1646 841 1647 870 1647 870 1646 911 1637 938 1637 955 1637 976 1645 977 1645 978 1645 979 1645 996 1637 1029 1641 1030 1641 1096 1635 1097 1627 1096 1602 1064 1590 1063 1590 993 1590 992 1590 991 1590 990 1590 974 1601 971 1602 941 1601 915 1600 898 1591 897 1591 896 1591 895 1591 875 1600 868 1603 844 1600 813 1597 812 1597 788 1600 758 1604 743 1600 725 1593 724 1593 723 1593 722 1593 707 1600 695 1604 682 1599 680 1599 678 1599 677 1599 672 1599 636 1605 621 1599 610 1594 609 1594 584 1594 583 1594 582 1594 581 1594 576 1599 566 1605 453 1602 451 1602 400 1607 379 1598 376 1597 375 1597 374 1597 334 1597 335 1634"/></Shape>
	    <String CONTENT="Quant aux perſonnes du tout priuees, ſi elles"
                    HPOS="334"
                    VPOS="1590"
                    WIDTH="763"
                    HEIGHT="61"
                    WC="0.9957974579599168"></String>
          </TextLine>
          <TextLine ID="eSc_line_c7b25eda"
                    TAGREFS="LT8"
                    BASELINE="286 1685 389 1680 1097 1676" 
                    HPOS="285"
                    VPOS="1639"
                    WIDTH="812"
                    HEIGHT="56">
            <Shape><Polygon POINTS="286 1685 286 1688 304 1695 305 1695 306 1695 340 1689 427 1695 428 1695 524 1689 584 1694 585 1694 586 1694 608 1687 649 1693 650 1693 689 1687 761 1692 762 1692 802 1686 852 1691 853 1691 854 1691 855 1691 862 1686 995 1690 996 1690 1039 1685 1048 1691 1049 1691 1050 1691 1051 1691 1097 1683 1097 1676 1096 1649 1067 1639 1066 1639 1065 1639 1064 1639 1042 1649 1040 1649 1039 1649 1014 1639 1013 1639 1012 1639 983 1640 982 1640 964 1648 962 1649 958 1648 912 1639 911 1639 865 1640 864 1640 846 1648 841 1650 796 1650 794 1648 784 1640 783 1640 782 1640 781 1640 780 1640 779 1640 768 1648 765 1650 762 1648 750 1641 749 1641 748 1641 747 1641 746 1641 727 1648 719 1650 705 1648 668 1641 621 1641 620 1641 619 1641 606 1647 602 1649 599 1647 593 1643 592 1643 591 1643 590 1643 589 1643 588 1643 581 1647 573 1652 543 1647 539 1647 538 1647 537 1647 536 1647 529 1653 467 1653 458 1647 450 1642 449 1642 448 1642 447 1642 429 1643 428 1643 427 1643 422 1647 412 1653 285 1647 286 1685"/></Shape>
	    <String CONTENT="ont conſenti expreſſement, &amp; volontairement"
                    HPOS="285"
                    VPOS="1639"
                    WIDTH="812"
                    HEIGHT="56"
                    WC="0.9925994263138882"></String>
          </TextLine>
          <TextLine ID="eSc_line_f496cbbc"
                    TAGREFS="LT8"
                    BASELINE="289 1729 1095 1723" 
                    HPOS="286"
                    VPOS="1681"
                    WIDTH="807"
                    HEIGHT="118">
            <Shape><Polygon POINTS="287 1728 287 1799 1092 1785 1093 1722 1090 1693 1020 1693 998 1681 960 1693 911 1693 897 1681 757 1690 742 1690 713 1682 686 1694 649 1684 581 1684 562 1696 523 1696 512 1684 506 1684 486 1694 359 1685 331 1696 321 1685 286 1685 287 1728"/></Shape>
	    <String CONTENT="a la domination d&#x27;vn iniuſte vſurpateur, comme"
                    HPOS="286"
                    VPOS="1681"
                    WIDTH="807"
                    HEIGHT="118"></String>
          </TextLine>
        </TextBlock>
        <TextBlock HPOS="92.0"
                   VPOS="503.0"
                   WIDTH="186.0"
                   HEIGHT="333.0"
                   ID="eSc_textblock_03fa553c"
                   TAGREFS="BT2584">
          <Shape><Polygon POINTS="92 503 92 836 278 835 278 503"/></Shape>
          <TextLine ID="eSc_line_84bf5114"
                    TAGREFS="LT8"
                    BASELINE="96 536 272 529" 
                    HPOS="95"
                    VPOS="498"
                    WIDTH="177"
                    HEIGHT="55">
            <Shape><Polygon POINTS="114 506 105 507 97 508 95 509 96 536 96 545 123 553 124 553 125 553 162 551 163 551 182 542 184 542 186 542 208 548 209 548 210 548 211 548 239 541 261 548 262 548 263 548 264 548 265 548 265 547 272 539 272 529 270 504 246 498 245 498 244 498 243 498 242 498 242 499 241 499 238 503 218 499 217 499 216 499 215 499 205 506 160 501 159 501 158 501 157 501 157 502 156 502 151 508 121 504 114 506"/></Shape>
	    <String CONTENT="Quel eſt le"
                    HPOS="95"
                    VPOS="498"
                    WIDTH="177"
                    HEIGHT="55"
                    WC="0.9999000267548994"></String>
          </TextLine>
          <TextLine ID="eSc_line_0c50e389"
                    TAGREFS="LT8"
                    BASELINE="93 574 273 572" 
                    HPOS="91"
                    VPOS="539"
                    WIDTH="181"
                    HEIGHT="49">
            <Shape><Polygon POINTS="92 573 92 588 270 586 272 571 269 545 104 539 103 539 101 539 100 539 91 544 92 573"/></Shape>
	    <String CONTENT="deuoir des"
                    HPOS="91"
                    VPOS="539"
                    WIDTH="181"
                    HEIGHT="49"
                    WC="0.9998668134212494"></String>
          </TextLine>
          <TextLine ID="eSc_line_4ba4c3c4"
                    TAGREFS="LT8"
                    BASELINE="93 615 265 614" 
                    HPOS="92"
                    VPOS="576"
                    WIDTH="172"
                    HEIGHT="50">
            <Shape><Polygon POINTS="92 614 92 626 263 624 264 612 260 580 173 585 164 583 108 576 106 576 104 576 92 614"/></Shape>
	    <String CONTENT="ſubiets en¬"
                    HPOS="92"
                    VPOS="576"
                    WIDTH="172"
                    HEIGHT="50"
                    WC="0.9997794357213107"></String>
          </TextLine>
          <TextLine ID="eSc_line_48264e36"
                    TAGREFS="LT8"
                    BASELINE="93 654 272 652" 
                    HPOS="92"
                    VPOS="620"
                    WIDTH="180"
                    HEIGHT="48">
            <Shape><Polygon POINTS="93 654 93 662 100 667 101 667 102 667 103 668 156 668 156 667 157 667 172 661 179 667 180 667 181 667 182 667 183 667 200 660 208 665 209 665 210 665 211 665 238 660 254 666 255 666 256 666 257 666 272 658 272 652 270 630 218 620 217 620 216 620 215 620 201 629 180 621 179 621 178 621 177 621 155 630 145 622 145 621 144 621 143 621 128 621 127 621 126 621 112 629 103 622 102 622 101 622 100 622 99 622 98 622 98 623 92 629 93 654"/></Shape>
	    <String CONTENT="uers le ſou¬"
                    HPOS="92"
                    VPOS="620"
                    WIDTH="180"
                    HEIGHT="48"
                    WC="0.9944109171628952"></String>
          </TextLine>
          <TextLine ID="eSc_line_64e77337"
                    TAGREFS="LT8"
                    BASELINE="93 693 268 690" 
                    HPOS="92"
                    VPOS="663"
                    WIDTH="176"
                    HEIGHT="45">
            <Shape><Polygon POINTS="93 693 93 703 131 708 132 708 219 702 254 707 255 707 256 707 257 707 268 700 268 690 266 669 208 663 207 663 206 663 205 663 195 669 120 665 119 665 92 671 93 693"/></Shape>
	    <String CONTENT="uerain legi¬"
                    HPOS="92"
                    VPOS="663"
                    WIDTH="176"
                    HEIGHT="45"
                    WC="0.9903289576371511"></String>
          </TextLine>
          <TextLine ID="eSc_line_e0b56556"
                    TAGREFS="LT8"
                    BASELINE="93 733 273 728" 
                    HPOS="91"
                    VPOS="699"
                    WIDTH="182"
                    HEIGHT="48">
            <Shape><Polygon POINTS="93 733 93 741 127 747 128 747 129 747 149 741 236 744 237 744 273 737 273 728 271 707 240 700 239 700 238 700 219 707 218 708 217 708 200 699 199 699 198 699 168 700 167 700 166 700 154 709 152 710 146 709 133 705 132 705 131 705 130 705 122 709 119 711 116 709 110 705 109 705 108 705 107 705 106 705 91 709 93 733"/></Shape>
	    <String CONTENT="me eſtãt de¬"
                    HPOS="91"
                    VPOS="699"
                    WIDTH="182"
                    HEIGHT="48"
                    WC="0.9977665360157306"></String>
          </TextLine>
          <TextLine ID="eSc_line_fafffbf0"
                    TAGREFS="LT8"
                    BASELINE="94 770 253 770 276 769" 
                    HPOS="91"
                    VPOS="734"
                    WIDTH="184"
                    HEIGHT="51">
            <Shape><Polygon POINTS="92 769 92 784 273 785 275 767 272 740 91 734 92 769"/></Shape>
	    <String CONTENT="uenu Tyran"
                    HPOS="91"
                    VPOS="734"
                    WIDTH="184"
                    HEIGHT="51"
                    WC="0.9901185631752014"></String>
          </TextLine>
          <TextLine ID="eSc_line_b25d7f92"
                    TAGREFS="LT8"
                    BASELINE="98 810 254 810" 
                    HPOS="97"
                    VPOS="773"
                    WIDTH="155"
                    HEIGHT="61">
            <Shape><Polygon POINTS="97 808 98 834 127 825 156 831 170 834 171 834 252 826 252 808 252 782 193 773 191 773 97 778 97 808"/></Shape>
	    <String CONTENT="manifeſte."
                    HPOS="97"
                    VPOS="773"
                    WIDTH="155"
                    HEIGHT="61"
                    WC="0.9818006336688996"></String>
          </TextLine>
        </TextBlock>
        <TextBlock HPOS="90.0"
                   VPOS="1106.0"
                   WIDTH="190.0"
                   HEIGHT="212.0"
                   ID="eSc_textblock_e4550df6"
                   TAGREFS="BT2584">
          <Shape><Polygon POINTS="90 1106 90 1318 280 1318 280 1106"/></Shape>
          <TextLine ID="eSc_line_c241a341"
                    TAGREFS="LT8"
                    BASELINE="102 1147 270 1147" 
                    HPOS="101"
                    VPOS="1106"
                    WIDTH="168"
                    HEIGHT="53">
            <Shape><Polygon POINTS="101 1146 101 1156 267 1159 269 1146 269 1112 101 1106 101 1146"/></Shape>
	    <String CONTENT="Trois diuer"
                    HPOS="101"
                    VPOS="1106"
                    WIDTH="168"
                    HEIGHT="53"
                    WC="0.9702479351650585"></String>
          </TextLine>
          <TextLine ID="eSc_line_498aa0cd"
                    TAGREFS="LT8"
                    BASELINE="100 1186 244 1185 274 1189" 
                    HPOS="97"
                    VPOS="1155"
                    WIDTH="176"
                    HEIGHT="47">
            <Shape><Polygon POINTS="98 1185 98 1202 273 1197 273 1188 272 1155 97 1155 98 1185"/></Shape>
	    <String CONTENT="ſes ſortes de"
                    HPOS="97"
                    VPOS="1155"
                    WIDTH="176"
                    HEIGHT="47"
                    WC="0.9998221030602088"></String>
          </TextLine>
          <TextLine ID="eSc_line_b4a5dd0b"
                    TAGREFS="LT8"
                    BASELINE="97 1224 272 1226" 
                    HPOS="96"
                    VPOS="1191"
                    WIDTH="176"
                    HEIGHT="48">
            <Shape><Polygon POINTS="97 1224 96 1233 270 1239 272 1226 272 1199 97 1191 97 1224"/></Shape>
	    <String CONTENT="ſubiers à vn"
                    HPOS="96"
                    VPOS="1191"
                    WIDTH="176"
                    HEIGHT="48"
                    WC="0.9744653426683866"></String>
          </TextLine>
          <TextLine ID="eSc_line_4064a716"
                    TAGREFS="LT8"
                    BASELINE="97 1264 272 1261" 
                    HPOS="96"
                    VPOS="1232"
                    WIDTH="176"
                    HEIGHT="56">
            <Shape><Polygon POINTS="97 1264 97 1274 134 1279 135 1279 168 1275 182 1274 184 1276 194 1285 194 1286 195 1286 196 1286 216 1287 217 1288 256 1288 256 1287 257 1287 258 1287 272 1278 272 1261 270 1240 218 1232 217 1232 216 1232 194 1238 185 1240 178 1237 164 1232 163 1232 162 1232 96 1235 97 1264"/></Shape>
	    <String CONTENT="Prince legi¬"
                    HPOS="96"
                    VPOS="1232"
                    WIDTH="176"
                    HEIGHT="56"
                    WC="0.9850139766931534"></String>
          </TextLine>
          <TextLine ID="eSc_line_76972e23"
                    TAGREFS="LT8"
                    BASELINE="98 1303 192 1302" 
                    HPOS="97"
                    VPOS="1276"
                    WIDTH="95"
                    HEIGHT="37">
            <Shape><Polygon POINTS="98 1303 98 1313 191 1312 192 1302 191 1284 167 1276 166 1276 165 1276 97 1281 98 1303"/></Shape>
	    <String CONTENT="time."
                    HPOS="97"
                    VPOS="1276"
                    WIDTH="95"
                    HEIGHT="37"
                    WC="0.9965641617774963"></String>
          </TextLine>
        </TextBlock>
        <TextBlock HPOS="92.0"
                   VPOS="1578.0"
                   WIDTH="192.0"
                   HEIGHT="163.0"
                   ID="eSc_textblock_62686dd6"
                   TAGREFS="BT2584">
          <Shape><Polygon POINTS="92 1578 92 1741 284 1741 284 1578"/></Shape>
          <TextLine ID="eSc_line_7a7ac97c"
                    TAGREFS="LT8"
                    BASELINE="101 1613 278 1611" 
                    HPOS="101"
                    VPOS="1580"
                    WIDTH="177"
                    HEIGHT="49">
            <Shape><Polygon POINTS="101 1613 101 1622 138 1622 140 1623 148 1629 149 1629 151 1629 152 1629 201 1624 221 1622 232 1624 245 1628 246 1628 247 1628 248 1628 258 1625 268 1621 274 1625 278 1611 276 1591 199 1580 198 1580 197 1580 196 1580 188 1586 173 1582 172 1582 171 1582 170 1582 169 1582 169 1583 162 1589 141 1581 140 1581 139 1581 138 1581 137 1581 121 1591 120 1592 106 1592 101 1613"/></Shape>
	    <String CONTENT="Les perſon¬"
                    HPOS="101"
                    VPOS="1580"
                    WIDTH="177"
                    HEIGHT="49"
                    WC="0.9998770247806202"></String>
          </TextLine>
          <TextLine ID="eSc_line_8529e9c2"
                    TAGREFS="LT8"
                    BASELINE="99 1652 280 1652" 
                    HPOS="99"
                    VPOS="1625"
                    WIDTH="181"
                    HEIGHT="39">
            <Shape><Polygon POINTS="99 1652 99 1664 280 1662 280 1652 280 1631 112 1625 111 1625 110 1625 109 1625 105 1627 99 1652"/></Shape>
	    <String CONTENT="nes priuees"
                    HPOS="99"
                    VPOS="1625"
                    WIDTH="181"
                    HEIGHT="39"
                    WC="0.9571419845927845"></String>
          </TextLine>
          <TextLine ID="eSc_line_d9d015ed"
                    TAGREFS="LT8"
                    BASELINE="99 1691 281 1687" 
                    HPOS="99"
                    VPOS="1660"
                    WIDTH="182"
                    HEIGHT="46">
            <Shape><Polygon POINTS="99 1691 99 1700 155 1706 156 1706 157 1706 170 1702 173 1701 280 1703 281 1687 279 1668 248 1668 237 1660 236 1660 235 1660 234 1660 195 1661 194 1661 193 1661 181 1669 180 1669 134 1663 133 1663 103 1670 99 1691"/></Shape>
	    <String CONTENT="non authori"
                    HPOS="99"
                    VPOS="1660"
                    WIDTH="182"
                    HEIGHT="46"
                    WC="0.9894756132906134"></String>
          </TextLine>
          <TextLine ID="eSc_line_2b1fad96"
                    TAGREFS="LT8"
                    BASELINE="99 1730 278 1729" 
                    HPOS="97"
                    VPOS="1694"
                    WIDTH="179"
                    HEIGHT="105">
            <Shape><Polygon POINTS="98 1729 98 1799 276 1799 276 1728 273 1699 108 1694 106 1694 104 1694 103 1694 97 1699 98 1729"/></Shape>
	    <String CONTENT="ſees doiuent"
                    HPOS="97"
                    VPOS="1694"
                    WIDTH="179"
                    HEIGHT="105"
                    WC="0.9944987843434016"></String>
          </TextLine>
        </TextBlock>
      </PrintSpace>
    </Page>
  </Layout>
</alto>
