1132 1824
426.0 162.0 35.0 37.0 51

21.0 191.0 820.0 58.0 mais pour haranguer, & par contenance pluſ¬

22.0 238.0 820.0 53.0 toſt qu’à bon eſcient, eſtant la deciſion remiſe à

25.0 286.0 817.0 58.0 ceux-là meſmes, deſquels on ſe ſera principalle¬

22.0 334.0 822.0 58.0 ment plaint. Bref, que les guerres & les paix ſe

22.0 382.0 821.0 57.0 font, les tailles & emprunts ſ’impoſent, les loix

24.0 428.0 821.0 58.0 tant de l’eſtat que des affaires particuliers ſe font

25.0 477.0 820.0 57.0 & ſe deffont, les dignitez & offices ſ'eliſent, ſe

25.0 526.0 818.0 54.0 baillent, & ſ'oſtent au plaiſir de certaines per¬

23.0 573.0 823.0 52.0 ſonnes, ſoient hommes ou femmes, nobles ou

26.0 624.0 820.0 55.0 vilains, gens de bien ou non, pourueu qu’ils aiẽt

25.0 670.0 820.0 52.0 credit à l’endroit de leurs maiſtres, qui ne voient

28.0 723.0 816.0 54.0 que par leurs yeux, & n’oient que par leurs au¬

24.0 767.0 821.0 54.0 reilles: Sont choſes du tout contraires à la ma¬

25.0 814.0 820.0 53.0 niere de faire des bons Anciens, & directemẽt

26.0 862.0 820.0 56.0 repugnantes aux loix poſees auec le fondement

26.0 908.0 819.0 58.0 de la Monarchie Frãçoiſe. Sur quoi ie laiſſe à diſ¬

27.0 959.0 820.0 54.0 puter à tous luriſconſultes de bonne ſcience &

27.0 1007.0 819.0 55.0 cõſcience, ſi aucune preſcription de long temps

28.0 1056.0 820.0 55.0 au cõtraire, peut auoir lieu par aucun droit diuin

27.0 1104.0 819.0 55.0 ni humain. Mais ce qu’encores auiourdhui les

30.0 1152.0 817.0 51.0 Rois font le ſerment en leur Sacre (ce qui deuſt

32.0 1198.0 814.0 58.0 eſtre imprimé, & cognu de tout le monde) &

33.0 1247.0 813.0 54.0 que les Rois ſont tenus à leur aduenement de

30.0 1296.0 815.0 54.0 confermer les priuileges des villes, & les Offi¬

29.0 1343.0 812.0 56.0 ciers du Roiaume: (ſauf l’abus qui ſ'y commet)

30.0 1391.0 816.0 54.0 & que les Rois eſtans mineurs, les Eſtats adui¬

29.0 1438.0 819.0 54.0 ſent qui en aura l’adminiſtration: ſont des de¬

30.0 1487.0 818.0 50.0 meurants de l’ancienne authorité des Eſtats, qui

32.0 1538.0 817.0 55.0 peu à peu ſ’aneantit. Tant y-a qu’il n’y a pas en¬

30.0 1585.0 819.0 55.0 cores deux cents ans accomplis, que le teſtamẽt

31.0 1631.0 817.0 56.0 de Charles le quint ſurnommé le ſage, fut re¬

32.0 1680.0 816.0 59.0 ſcindé par les Eſtats, aſſauoir l’an 1380. Quoi

620.0 1728.0 96.0 64.0 G 2
