1132 1824
651.0 145.0 35.0 43.0 52

252.0 181.0 843.0 57.0 plus? l’an 1467, le Roi Lois vnzieme, qui a, tant

252.0 230.0 841.0 58.0 qu’il a peu, transformé la Monarchie de France

251.0 279.0 841.0 55.0 en Tyrannie (ce que les flatteurs des Rois ap¬

251.0 327.0 840.0 58.0 pellent mettre les Rois hors de page) eſtãt char¬

255.0 374.0 837.0 55.0 gé, & à bon droit, d’adminiſtrer treſmal le Roi¬

252.0 424.0 840.0 51.0 aume, receut des Eſtats aſſemblez à Tours, cren¬

251.0 474.0 840.0 53.0 te ſix perſonnes comme curateurs, par leſquels

251.0 521.0 841.0 54.0 il auroit à ſe gouuerner & conduire. Vrai eſt que

252.0 569.0 839.0 54.0 puis apres, ce Roi qui (ſous vmbre de ſa bonne

251.0 616.0 839.0 51.0 dame de Cleri) ſe ioüoit de tous ſermens, & de

251.0 663.0 837.0 58.0 toutes promeſſes, ſ'en ſceut bien deuelopper:

249.0 711.0 840.0 55.0 mais auec tel intereſt & malheur, qu’outre ſon

252.0 761.0 838.0 54.0 infamie, qui dure encores auiourdhui, de ſon

252.0 814.0 838.0 48.0 viuant il n’eut iamais repos, eſſaiant meſmes à la

251.0 856.0 838.0 56.0 mort que c’eſt d’eſtre pluſtoſt craint, qu’aimé de

251.0 901.0 835.0 58.0 ſes ſubiets. Et ſur ce point de garder ſon ſermẽt,

250.0 952.0 837.0 57.0 i’alleguerai ici vn autre treſ-memorable exem¬

254.0 1000.0 832.0 53.0 ple. Charles ſeptieſme du nom, eſtant encores

254.0 1047.0 831.0 55.0 Dauphin, & treſ-mal conſeillé, fit mal-heureu¬

251.0 1094.0 834.0 56.0 ſement maſſacrer deuant ſes yeux, Iean dernier

250.0 1142.0 834.0 55.0 duc de Bourgongne de la maiſon de France, cõ¬

250.0 1192.0 832.0 53.0 tre la paix & amitié iuree entre eux pres de Me¬

250.0 1241.0 832.0 53.0 lun bien peu au parauant. Ce periure (encores

253.0 1287.0 832.0 56.0 que le Duc Iean fuſt bien digne d’vn tel iugemẽt

251.0 1335.0 831.0 53.0 de Dieu) a couſté vn million d’ames au Roiau¬

252.0 1385.0 828.0 50.0 me de France, auec vne deſtruction de la plus

251.0 1429.0 825.0 55.0 grand part d’icelui, aiant eſté reduit ce Roi Char

251.0 1479.0 825.0 55.0 les iuſques à ce point, apres auoir eſté desherité

251.0 1528.0 827.0 54.0 de ſon pere, de voir ſon ennemi couronné Roi

251.0 1573.0 829.0 57.0 de France dedans Paris, & d’eſtre pluſtoſt Roi

251.0 1623.0 827.0 56.0 de Bourges que de France. Finalement il acheta

252.0 1673.0 829.0 62.0 la paix bien chere par le traitté d’Arras, auquel
