<?xml version="1.0" encoding="UTF-8"?>
<alto xmlns:xsi="http://www.w3.org/2001/XMLSchema-instance"
      xmlns="http://www.loc.gov/standards/alto/ns-v4#"
      xsi:schemaLocation="http://www.loc.gov/standards/alto/ns-v4# http://www.loc.gov/standards/alto/v4/alto-4-2.xsd">
  <Description>
    <MeasurementUnit>pixel</MeasurementUnit>
    <sourceImageInformation>
      <fileName>39_98f52_default.jpg</fileName>
      <fileIdentifier>mets//83_796e0_default.zip/39_98f52_default.jpg</fileIdentifier>
    </sourceImageInformation>
  </Description>
  <Tags>
    <OtherTag ID="BT7" LABEL="CustomZone" DESCRIPTION="block type CustomZone"/><OtherTag ID="BT8" LABEL="DamageZone" DESCRIPTION="block type DamageZone"/><OtherTag ID="BT9" LABEL="DigitizationArtefactZone" DESCRIPTION="block type DigitizationArtefactZone"/><OtherTag ID="BT10" LABEL="DropCapitalZone" DESCRIPTION="block type DropCapitalZone"/><OtherTag ID="BT11" LABEL="GraphicZone" DESCRIPTION="block type GraphicZone"/><OtherTag ID="BT12" LABEL="MainZone" DESCRIPTION="block type MainZone"/><OtherTag ID="BT13" LABEL="MarginTextZone" DESCRIPTION="block type MarginTextZone"/><OtherTag ID="BT14" LABEL="MusicZone" DESCRIPTION="block type MusicZone"/><OtherTag ID="BT15" LABEL="NumberingZone" DESCRIPTION="block type NumberingZone"/><OtherTag ID="BT17" LABEL="QuireMarksZone" DESCRIPTION="block type QuireMarksZone"/><OtherTag ID="BT18" LABEL="RunningTitleZone" DESCRIPTION="block type RunningTitleZone"/><OtherTag ID="BT19" LABEL="SealZone" DESCRIPTION="block type SealZone"/><OtherTag ID="BT20" LABEL="StampZone" DESCRIPTION="block type StampZone"/><OtherTag ID="BT21" LABEL="TableZone" DESCRIPTION="block type TableZone"/><OtherTag ID="BT22" LABEL="TitlePageZone" DESCRIPTION="block type TitlePageZone"/><OtherTag ID="BT2582" LABEL="MainZone-Head" DESCRIPTION="block type MainZone-Head"/><OtherTag ID="BT2583" LABEL="MainZone-P" DESCRIPTION="block type MainZone-P"/><OtherTag ID="BT2584" LABEL="MarginTextZone-Notes" DESCRIPTION="block type MarginTextZone-Notes"/><OtherTag ID="BT2585" LABEL="MainZone-Continued" DESCRIPTION="block type MainZone-Continued"/>
    <OtherTag ID="LT7" LABEL="CustomLine" DESCRIPTION="line type CustomLine"/><OtherTag ID="LT8" LABEL="DefaultLine" DESCRIPTION="line type DefaultLine"/><OtherTag ID="LT9" LABEL="DropCapitalLine" DESCRIPTION="line type DropCapitalLine"/><OtherTag ID="LT10" LABEL="HeadingLine" DESCRIPTION="line type HeadingLine"/><OtherTag ID="LT11" LABEL="InterlinearLine" DESCRIPTION="line type InterlinearLine"/><OtherTag ID="LT12" LABEL="MusicLine" DESCRIPTION="line type MusicLine"/>
  </Tags>
  <Layout>
    <Page WIDTH="1132"
          HEIGHT="1824"
          PHYSICAL_IMG_NR="39"
          ID="eSc_dummypage_">
      <PrintSpace HPOS="0"
                  VPOS="0"
                  WIDTH="1132"
                  HEIGHT="1824">
        <TextBlock HPOS="636.0"
                   VPOS="150.0"
                   WIDTH="71.0"
                   HEIGHT="42.0"
                   ID="eSc_textblock_ae27da80"
                   TAGREFS="BT15">
          <Shape><Polygon POINTS="636 150 636 192 707 192 707 150"/></Shape>
          <TextLine ID="eSc_line_df01e28e"
                    TAGREFS="LT8"
                    BASELINE="652 179 696 179" 
                    HPOS="652.0"
                    VPOS="154.0"
                    WIDTH="44.0"
                    HEIGHT="45.0">
            <Shape><Polygon POINTS="693 154 683 154 672 154 662 154 652 154 652 179 652 199 696 189 696 179 695 154 693 154"/></Shape>
	    <String CONTENT="40"
                    HPOS="652.0"
                    VPOS="154.0"
                    WIDTH="44.0"
                    HEIGHT="45.0"
                    WC="0.9999695420265198"></String>
          </TextLine>
        </TextBlock>
        <TextBlock HPOS="252.0"
                   VPOS="193.0"
                   WIDTH="853.0"
                   HEIGHT="579.0"
                   ID="eSc_textblock_93ecff41"
                   TAGREFS="BT2585">
          <Shape><Polygon POINTS="252 193 252 772 1105 772 1105 193"/></Shape>
          <TextLine ID="eSc_line_37f4113d"
                    TAGREFS="LT8"
                    BASELINE="255 231 1089 222" 
                    HPOS="254.0"
                    VPOS="186.0"
                    WIDTH="835.0"
                    HEIGHT="64.0">
            <Shape><Polygon POINTS="1085 194 1075 190 1070 188 1052 186 1044 186 1034 186 1029 186 1019 191 1013 194 945 194 941 192 933 186 933 186 923 186 913 186 902 186 892 186 889 186 880 193 877 195 844 195 839 193 821 186 820 186 819 186 783 194 773 196 769 194 753 187 752 187 751 187 709 195 701 197 586 197 584 197 568 188 567 188 566 188 565 188 526 198 524 198 523 198 511 189 510 189 509 189 485 189 484 189 483 189 482 189 468 198 468 199 442 199 441 199 424 190 423 190 380 190 379 190 378 190 349 199 294 192 292 192 254 201 255 231 255 248 300 242 311 248 314 249 315 249 316 250 358 250 358 249 359 249 368 247 396 240 499 245 556 247 557 247 558 247 566 244 580 238 598 243 610 246 611 246 612 247 671 247 671 246 672 246 686 242 701 237 713 241 722 245 723 245 724 246 760 246 760 245 761 245 772 240 782 235 920 235 945 238 983 242 984 242 1088 235 1089 222 1087 194 1085 194"/></Shape>
	    <String CONTENT="corps d’Amaſias fut rapporté en Ieruſalem, aſſa¬"
                    HPOS="254.0"
                    VPOS="186.0"
                    WIDTH="835.0"
                    HEIGHT="64.0"
                    WC="0.9883565951366814"></String>
          </TextLine>
          <TextLine ID="eSc_line_ae505469"
                    TAGREFS="LT8"
                    BASELINE="256 278 1091 273" 
                    HPOS="255.0"
                    VPOS="239.0"
                    WIDTH="836.0"
                    HEIGHT="55.0">
            <Shape><Polygon POINTS="256 278 256 288 421 294 422 294 485 289 519 286 526 289 531 290 532 290 533 290 571 289 668 285 680 289 689 292 690 292 691 292 692 292 700 289 710 285 803 289 813 289 814 289 817 289 851 284 896 289 916 291 917 291 930 289 958 284 965 289 966 290 967 290 968 290 969 290 990 289 1074 284 1089 289 1091 273 1089 248 1050 239 1020 239 1019 239 1018 239 1017 239 1006 246 977 239 976 239 975 239 974 239 960 246 932 239 931 239 930 239 929 239 928 239 916 248 904 240 903 240 902 240 901 240 900 240 870 248 797 240 796 240 795 240 794 240 782 248 757 244 756 244 719 249 699 243 698 243 697 243 696 243 688 247 668 241 667 241 666 241 665 241 651 248 635 244 634 244 633 244 584 251 466 251 433 242 432 242 431 242 430 242 408 251 332 247 331 247 255 252 256 278"/></Shape>
	    <String CONTENT="uoir pour la reuerence du nom Roial, &amp; de ſa ra"
                    HPOS="255.0"
                    VPOS="239.0"
                    WIDTH="836.0"
                    HEIGHT="55.0"
                    WC="0.9909435041407322"></String>
          </TextLine>
          <TextLine ID="eSc_line_c56db174"
                    TAGREFS="LT8"
                    BASELINE="256 327 1088 321" 
                    HPOS="255.0"
                    VPOS="284.0"
                    WIDTH="833.0"
                    HEIGHT="59.0">
            <Shape><Polygon POINTS="256 327 256 335 322 335 325 336 342 343 343 343 344 343 345 343 362 338 404 342 405 342 406 342 418 336 421 335 426 336 448 342 449 342 450 342 476 336 483 335 492 336 523 342 524 342 525 342 544 337 555 333 562 337 571 341 572 341 573 342 664 342 664 341 665 341 676 337 692 332 776 332 793 337 801 340 802 340 803 340 804 340 809 337 822 331 1086 338 1088 321 1085 292 978 293 975 293 950 284 949 284 948 284 904 289 860 285 859 285 858 285 839 293 811 285 810 285 809 285 765 286 764 286 763 286 749 295 748 295 747 295 722 286 721 286 720 286 719 286 718 286 707 295 706 296 691 296 690 295 672 286 671 286 670 286 574 296 533 287 532 287 531 287 508 297 507 297 504 297 451 292 450 292 449 292 439 297 415 293 414 293 354 298 333 289 332 289 331 289 330 289 329 289 316 299 255 299 256 327"/></Shape>
	    <String CONTENT="ce: &amp; que tout le peuple de Iuda eſtablit pour"
                    HPOS="255.0"
                    VPOS="284.0"
                    WIDTH="833.0"
                    HEIGHT="59.0"
                    WC="0.9993893439355104"></String>
          </TextLine>
          <TextLine ID="eSc_line_1b84e3e2"
                    TAGREFS="LT8"
                    BASELINE="256 376 1089 367" 
                    HPOS="255.0"
                    VPOS="332.0"
                    WIDTH="834.0"
                    HEIGHT="62.0">
            <Shape><Polygon POINTS="256 376 256 394 348 385 379 390 380 390 442 384 456 390 458 391 459 391 460 392 498 392 498 391 499 391 504 389 520 384 569 388 594 390 595 390 596 390 602 387 609 385 615 387 624 390 625 390 626 390 717 389 718 389 726 385 734 381 826 383 933 385 934 385 935 385 936 385 943 380 945 380 956 380 1018 383 1019 383 1088 376 1089 367 1087 341 1038 332 1037 332 1036 332 1035 332 1024 340 985 333 984 333 983 333 982 333 970 341 970 342 932 342 919 342 904 333 903 333 902 333 901 333 900 333 899 333 887 342 886 342 883 342 827 334 826 334 825 334 810 342 808 343 802 342 772 337 771 337 770 337 769 337 762 343 661 344 656 343 625 336 624 336 593 342 545 337 544 337 543 337 522 344 516 346 512 344 499 338 498 338 497 338 460 343 427 339 426 339 425 339 414 345 413 345 407 345 354 339 353 339 352 339 351 339 344 345 340 349 298 349 293 345 286 340 285 340 284 340 283 340 255 345 256 376"/></Shape>
	    <String CONTENT="Roi Azarias ſon fils. Ce qui monſtre derechef e¬"
                    HPOS="255.0"
                    VPOS="332.0"
                    WIDTH="834.0"
                    HEIGHT="62.0"
                    WC="0.987880696853002"></String>
          </TextLine>
          <TextLine ID="eSc_line_66be4476"
                    TAGREFS="LT8"
                    BASELINE="256 424 1090 417" 
                    HPOS="255.0"
                    VPOS="384.0"
                    WIDTH="835.0"
                    HEIGHT="56.0">
            <Shape><Polygon POINTS="256 424 256 440 334 438 335 438 336 438 342 433 368 439 372 440 373 440 381 439 422 432 469 437 492 440 493 440 526 436 573 431 580 435 583 438 584 438 585 438 612 439 613 439 634 434 654 430 750 432 797 433 798 433 821 431 851 428 856 430 867 436 868 436 869 436 949 428 958 428 962 428 1003 435 1004 435 1005 435 1006 435 1019 427 1022 427 1076 435 1077 435 1078 435 1079 435 1090 427 1090 417 1089 392 1070 384 1069 384 1068 384 997 391 971 384 970 384 969 384 968 384 967 384 955 392 911 385 910 385 909 385 885 392 777 386 776 386 730 394 617 390 616 390 544 395 501 388 500 388 499 388 481 396 436 396 427 389 426 389 425 389 424 389 423 389 397 396 376 392 375 392 338 397 307 390 306 390 305 390 304 390 294 398 255 398 256 424"/></Shape>
	    <String CONTENT="uidemment que ce qui auoit eſté executé par la"
                    HPOS="255.0"
                    VPOS="384.0"
                    WIDTH="835.0"
                    HEIGHT="56.0"
                    WC="0.9926425988475481"></String>
          </TextLine>
          <TextLine ID="eSc_line_1a98b27a"
                    TAGREFS="LT8"
                    BASELINE="258 473 1090 465" 
                    HPOS="257.0"
                    VPOS="428.0"
                    WIDTH="833.0"
                    HEIGHT="62.0">
            <Shape><Polygon POINTS="258 473 258 490 304 485 325 489 327 489 328 489 330 489 365 481 443 487 464 488 465 488 511 485 556 483 560 484 567 487 568 487 569 487 570 487 579 484 594 479 644 483 662 484 663 484 664 484 665 484 667 482 674 478 712 482 749 485 750 485 751 485 752 485 759 481 763 478 798 480 842 482 843 482 844 482 845 482 850 479 853 477 859 479 879 484 880 484 881 484 923 477 928 477 933 477 971 481 972 481 1030 475 1036 475 1039 475 1073 482 1074 482 1075 482 1090 474 1090 465 1089 437 1066 428 1065 428 1064 428 1063 428 1045 437 1027 431 1026 431 1025 431 1024 431 1006 438 1004 439 915 439 914 439 903 434 902 434 901 434 900 434 880 439 875 440 835 440 823 440 810 430 809 430 808 430 807 430 713 437 631 432 630 432 629 432 613 440 602 433 601 433 600 433 574 432 573 432 572 432 538 443 537 443 535 443 481 438 480 438 449 444 433 434 432 434 431 434 390 434 389 434 388 434 366 445 257 446 258 473"/></Shape>
	    <String CONTENT="principalle partie des Eſtats (aſſauoir par ceux de"
                    HPOS="257.0"
                    VPOS="428.0"
                    WIDTH="833.0"
                    HEIGHT="62.0"
                    WC="0.9990812177751579"></String>
          </TextLine>
          <TextLine ID="eSc_line_0154a0fb"
                    TAGREFS="LT8"
                    BASELINE="258 519 1091 513" 
                    HPOS="257.0"
                    VPOS="481.0"
                    WIDTH="834.0"
                    HEIGHT="58.0">
            <Shape><Polygon POINTS="258 519 259 539 295 528 338 536 339 536 340 536 360 530 371 537 373 538 374 538 375 539 451 539 451 538 453 538 454 538 457 536 462 533 489 535 531 538 532 538 533 538 534 538 540 534 543 532 551 534 564 537 565 537 566 537 567 537 568 537 574 533 583 527 592 533 600 537 601 537 602 538 624 538 624 537 625 537 637 532 649 526 691 530 740 536 741 536 742 536 743 536 752 529 759 525 786 528 803 530 804 530 805 530 811 528 821 524 863 527 896 529 897 529 950 525 969 524 971 525 987 532 988 532 989 532 990 532 1004 524 1007 523 1014 524 1044 529 1045 529 1091 522 1091 513 1088 481 1057 488 1011 488 1003 482 1002 482 1001 482 1000 482 904 488 877 482 874 482 873 482 868 482 810 489 742 483 736 483 735 483 732 483 709 488 678 485 677 485 676 485 675 485 669 490 596 484 589 484 588 484 583 484 521 492 471 492 463 485 462 485 461 485 409 485 408 485 407 485 405 485 389 492 380 486 379 486 378 486 376 486 375 486 315 492 257 487 258 519"/></Shape>
	    <String CONTENT="Ieruſalem) fut puis apres approuué d’vn commũ"
                    HPOS="257.0"
                    VPOS="481.0"
                    WIDTH="834.0"
                    HEIGHT="58.0"
                    WC="0.9960367857141698"></String>
          </TextLine>
          <TextLine ID="eSc_line_df6745d7"
                    TAGREFS="LT8"
                    BASELINE="258 568 1090 562" 
                    HPOS="257.0"
                    VPOS="526.0"
                    WIDTH="833.0"
                    HEIGHT="58.0">
            <Shape><Polygon POINTS="258 568 258 579 359 577 364 578 384 584 385 584 386 584 387 584 402 578 404 577 414 577 483 583 484 583 485 583 500 576 504 575 508 576 532 583 533 583 534 583 535 583 556 576 562 574 569 575 601 582 602 582 604 582 605 582 615 575 616 574 691 573 695 574 722 581 723 581 724 581 725 581 741 573 749 578 750 578 751 578 752 578 792 573 812 580 813 580 814 580 815 580 837 572 838 572 867 580 868 580 869 581 946 581 946 580 947 580 977 572 1031 579 1032 579 1033 579 1065 571 1080 576 1081 576 1082 576 1083 576 1084 576 1090 570 1090 562 1089 536 1066 526 1065 526 1045 526 1044 526 1043 526 1042 526 1030 536 1029 537 944 538 904 538 903 537 888 527 887 527 886 527 812 527 811 527 713 538 643 534 642 534 641 534 622 539 594 533 593 533 592 533 577 540 495 540 483 534 482 534 481 534 387 541 372 532 371 532 370 532 316 532 315 532 314 532 290 542 257 542 258 568"/></Shape>
	    <String CONTENT="conſentement, comme aiant eſté fait pour iuſte"
                    HPOS="257.0"
                    VPOS="526.0"
                    WIDTH="833.0"
                    HEIGHT="58.0"
                    WC="0.9991014828073218"></String>
          </TextLine>
          <TextLine ID="eSc_line_1c63b637"
                    TAGREFS="LT8"
                    BASELINE="259 616 1087 612" 
                    HPOS="258.0"
                    VPOS="576.0"
                    WIDTH="829.0"
                    HEIGHT="59.0">
            <Shape><Polygon POINTS="259 616 259 634 310 635 311 635 312 635 313 635 314 634 320 630 354 634 367 635 368 635 375 634 398 629 424 633 435 635 436 635 437 635 438 635 440 633 448 627 476 633 482 634 483 634 493 633 524 629 599 632 640 634 641 634 650 632 685 624 819 624 829 630 831 630 832 630 833 630 867 624 882 631 885 632 886 632 887 633 913 633 913 632 914 632 917 630 933 623 965 629 966 629 967 629 968 629 976 623 1033 623 1085 629 1087 612 1085 584 1023 584 1013 576 1012 576 1011 576 990 576 989 576 988 576 968 583 934 576 933 576 877 584 801 577 800 577 799 577 778 585 701 585 684 577 683 577 682 577 681 577 649 585 530 578 529 578 527 578 502 585 450 580 449 580 448 580 447 580 439 587 416 587 392 579 391 579 390 579 389 579 362 586 353 579 352 579 351 579 314 579 313 579 312 579 311 579 298 587 258 587 259 616"/></Shape>
	    <String CONTENT="cauſe, &amp; par qui il appartenoit. Ie conclu donc,"
                    HPOS="258.0"
                    VPOS="576.0"
                    WIDTH="829.0"
                    HEIGHT="59.0"
                    WC="0.9906778782606125"></String>
          </TextLine>
          <TextLine ID="eSc_line_62d31383"
                    TAGREFS="LT8"
                    BASELINE="260 664 1089 658" 
                    HPOS="259.0"
                    VPOS="622.0"
                    WIDTH="830.0"
                    HEIGHT="59.0">
            <Shape><Polygon POINTS="260 664 260 681 297 681 298 681 299 681 310 673 398 673 501 680 505 680 506 680 579 679 641 678 674 671 725 671 737 678 738 678 739 678 740 678 753 678 844 673 866 677 870 677 871 677 872 677 873 677 883 670 906 676 909 677 910 677 911 677 982 676 983 676 984 676 995 669 1088 674 1089 658 1087 632 1047 622 1046 622 1009 629 1000 622 999 622 998 622 967 622 966 622 921 632 881 627 880 627 846 632 813 623 812 623 811 623 761 633 733 629 732 629 671 635 589 635 577 625 576 625 575 625 536 625 535 625 534 625 500 634 482 626 481 626 451 626 450 626 449 626 424 635 399 626 398 626 397 626 369 627 368 627 367 627 351 637 259 637 260 664"/></Shape>
	    <String CONTENT="qu’en Iſraël les Eſtats auoient droit tant d’eſlire"
                    HPOS="259.0"
                    VPOS="622.0"
                    WIDTH="830.0"
                    HEIGHT="59.0"
                    WC="0.9823577404022217"></String>
          </TextLine>
          <TextLine ID="eSc_line_4b71dc1c"
                    TAGREFS="LT8"
                    BASELINE="262 712 1086 708" 
                    HPOS="261.0"
                    VPOS="671.0"
                    WIDTH="825.0"
                    HEIGHT="59.0">
            <Shape><Polygon POINTS="262 712 263 727 283 722 298 727 304 729 305 729 306 730 371 730 371 729 382 727 404 722 411 727 413 729 414 729 415 729 416 729 596 728 606 727 631 721 645 726 649 728 650 728 651 728 652 728 657 726 674 720 815 726 848 727 849 727 850 727 855 726 882 719 936 719 946 726 947 726 948 726 949 726 961 726 1061 719 1083 725 1086 708 1082 671 1060 680 1020 680 1005 672 1003 671 1002 671 1001 671 993 672 955 680 901 680 893 674 890 671 889 671 888 671 887 671 886 671 875 674 860 678 847 674 838 672 837 672 836 672 835 672 834 672 831 675 824 680 799 680 751 680 746 676 741 672 740 672 739 672 676 672 675 672 674 672 673 672 665 677 660 680 656 677 648 673 647 673 620 673 619 673 618 673 617 673 611 678 608 680 598 678 569 673 568 673 567 673 546 679 538 682 483 682 478 680 455 674 454 674 453 674 425 680 410 674 409 674 408 674 407 674 406 674 397 681 395 682 389 682 328 674 327 674 326 674 311 682 261 684 262 712"/></Shape>
	    <String CONTENT="vn Roi de la race de Dauid, que de le reprimer,"
                    HPOS="261.0"
                    VPOS="671.0"
                    WIDTH="825.0"
                    HEIGHT="59.0"
                    WC="0.987556887433884"></String>
          </TextLine>
          <TextLine ID="eSc_line_fa8a53ec"
                    TAGREFS="LT8"
                    BASELINE="263 762 1064 753" 
                    HPOS="262.0"
                    VPOS="718.0"
                    WIDTH="802.0"
                    HEIGHT="61.0">
            <Shape><Polygon POINTS="263 762 263 779 362 779 363 779 383 770 462 777 463 777 506 769 560 777 562 777 563 777 564 777 584 771 677 775 678 775 680 775 706 767 756 772 757 772 758 772 778 766 805 773 806 773 807 773 808 773 833 767 859 774 861 774 862 774 863 774 879 774 897 772 898 772 899 772 910 765 962 771 963 771 964 771 965 771 974 764 1015 764 1063 771 1064 753 1062 726 1028 718 1027 718 1026 718 1006 725 921 719 920 719 919 719 896 727 799 727 779 720 778 720 777 720 715 728 643 723 642 723 641 723 640 723 629 730 562 730 463 723 462 723 336 725 335 725 322 732 276 725 275 725 274 725 273 725 262 731 263 762"/></Shape>
	    <String CONTENT="&amp; meſmes de le punir quand le cas y eſcheoit."
                    HPOS="262.0"
                    VPOS="718.0"
                    WIDTH="802.0"
                    HEIGHT="61.0"
                    WC="0.9897388577461242"></String>
          </TextLine>
        </TextBlock>
        <TextBlock HPOS="259.0"
                   VPOS="777.0"
                   WIDTH="865.0"
                   HEIGHT="235.0"
                   ID="eSc_textblock_580a84d8"
                   TAGREFS="BT2583">
          <Shape><Polygon POINTS="259 777 259 1012 1124 1012 1124 777"/></Shape>
          <TextLine ID="eSc_line_cb3289cf"
                    TAGREFS="LT8"
                    BASELINE="312 808 1087 801" 
                    HPOS="311.0"
                    VPOS="765.0"
                    WIDTH="776.0"
                    HEIGHT="58.0">
            <Shape><Polygon POINTS="312 808 312 817 421 823 422 823 532 822 565 815 567 815 568 815 584 821 585 821 586 822 634 822 634 821 635 821 656 814 658 814 665 814 728 820 729 820 762 813 766 813 771 813 817 819 818 819 819 819 836 813 838 813 920 818 921 818 922 818 945 812 946 812 977 816 978 816 1024 811 1027 811 1029 811 1053 817 1054 817 1055 817 1086 810 1087 801 1086 775 1057 765 1055 765 1054 765 1053 765 1018 775 973 775 852 775 837 767 836 767 807 767 806 767 805 767 786 775 757 767 756 767 755 767 753 767 734 777 643 773 642 773 552 778 534 769 533 769 532 769 491 775 461 770 460 770 459 770 458 770 448 776 437 770 436 770 435 770 392 771 391 771 390 771 375 780 362 771 361 771 360 771 334 771 333 771 332 771 311 780 312 808"/></Shape>
	    <String CONTENT="Ainſi de noſtre memoire les Danois ont de¬"
                    HPOS="311.0"
                    VPOS="765.0"
                    WIDTH="776.0"
                    HEIGHT="58.0"
                    WC="0.9883447332041604"></String>
          </TextLine>
          <TextLine ID="eSc_line_e612007c"
                    TAGREFS="LT8"
                    BASELINE="265 858 1089 850" 
                    HPOS="264.0"
                    VPOS="812.0"
                    WIDTH="825.0"
                    HEIGHT="64.0">
            <Shape><Polygon POINTS="265 858 266 876 290 869 308 876 310 876 311 876 312 876 318 875 356 869 381 874 386 875 387 875 388 875 389 875 390 874 399 868 503 872 561 874 562 874 563 874 564 874 568 871 576 866 619 870 653 873 654 873 674 869 694 865 705 868 716 872 717 872 718 873 770 873 770 872 771 872 772 872 778 867 783 864 829 864 834 866 838 869 839 869 840 869 841 869 877 865 900 863 917 865 962 870 963 870 964 870 987 863 993 862 1089 862 1089 850 1087 823 999 812 998 812 997 812 979 821 928 823 878 824 874 823 855 814 854 814 853 814 852 814 827 820 811 814 810 814 809 814 808 814 780 823 771 825 742 824 741 823 731 815 730 815 729 815 728 815 692 823 674 827 657 827 651 823 643 816 642 816 641 816 640 816 586 817 585 817 584 817 577 823 570 828 479 828 467 823 465 822 464 822 463 822 459 823 435 828 420 823 407 818 406 818 405 818 368 823 361 823 355 823 323 819 322 819 321 819 311 823 291 829 264 823 265 858"/></Shape>
	    <String CONTENT="poſé &amp; tenu en priſon iuſques à la mort, Chri¬"
                    HPOS="264.0"
                    VPOS="812.0"
                    WIDTH="825.0"
                    HEIGHT="64.0"
                    WC="0.993269727875789"></String>
          </TextLine>
          <TextLine ID="eSc_line_e0001d37"
                    TAGREFS="LT8"
                    BASELINE="261 903 1088 897" 
                    HPOS="260.0"
                    VPOS="862.0"
                    WIDTH="828.0"
                    HEIGHT="61.0">
            <Shape><Polygon POINTS="261 903 261 923 307 923 307 922 308 922 309 922 329 914 374 914 387 920 391 922 392 922 393 922 394 922 395 922 397 920 406 913 433 918 434 918 514 914 537 918 551 920 552 920 553 920 554 920 557 917 565 912 587 912 594 917 598 920 599 920 600 920 601 921 619 921 619 920 620 920 621 920 626 916 633 912 674 912 683 915 693 919 694 919 695 919 696 919 697 919 702 915 708 910 747 914 810 919 811 919 812 919 831 913 839 909 859 912 908 918 909 918 941 910 950 908 971 909 1064 917 1065 917 1066 917 1088 907 1088 897 1085 871 1044 871 1043 871 1030 862 1029 862 1028 862 993 862 992 862 991 862 971 870 951 862 950 862 949 862 907 872 903 872 897 872 829 867 828 867 827 867 816 872 788 864 787 864 786 864 785 864 757 873 756 874 694 874 692 874 681 868 680 868 678 868 677 868 676 868 668 874 665 874 639 869 638 869 637 869 636 869 629 874 610 865 609 865 563 865 562 865 561 865 536 875 534 875 529 875 459 866 458 866 400 876 396 877 333 877 333 876 311 867 310 867 283 867 282 867 281 867 260 875 261 903"/></Shape>
	    <String CONTENT="ſtierne, treſ-cruel Tyran, tranſportans ſon Roi¬"
                    HPOS="260.0"
                    VPOS="862.0"
                    WIDTH="828.0"
                    HEIGHT="61.0"
                    WC="0.9970991971592108"></String>
          </TextLine>
          <TextLine ID="eSc_line_e864f443"
                    TAGREFS="LT8"
                    BASELINE="261 952 1087 947" 
                    HPOS="260.0"
                    VPOS="909.0"
                    WIDTH="827.0"
                    HEIGHT="62.0">
            <Shape><Polygon POINTS="261 952 261 970 291 964 305 970 306 970 307 970 308 971 425 971 425 970 426 970 432 968 449 962 467 967 473 969 474 969 475 969 484 967 506 962 549 966 551 966 552 966 554 966 591 961 652 965 708 968 709 968 710 968 719 964 725 960 763 960 792 960 797 963 803 967 804 967 805 967 806 968 901 968 901 967 902 967 917 961 922 959 926 961 939 966 940 966 941 966 942 966 965 960 971 959 986 960 1060 966 1061 966 1062 966 1087 958 1087 947 1086 920 1062 909 1061 909 1060 909 1059 909 1036 920 1002 920 968 909 967 909 966 909 965 909 948 918 923 909 922 909 921 909 873 920 847 910 846 910 819 910 818 910 817 910 816 910 805 920 761 912 760 912 707 918 693 912 692 912 691 912 641 917 628 912 627 912 626 912 625 912 602 920 579 913 578 913 577 913 576 913 553 919 503 913 502 913 501 913 480 920 443 913 442 913 441 913 440 913 422 924 400 924 379 914 378 914 376 914 375 914 374 914 362 924 260 924 261 952"/></Shape>
	    <String CONTENT="aume à vn treſ-iuſte &amp; ſage Roi ſon prochain pa"
                    HPOS="260.0"
                    VPOS="909.0"
                    WIDTH="827.0"
                    HEIGHT="62.0"
                    WC="0.9969895717998346"></String>
          </TextLine>
          <TextLine ID="eSc_line_6485853d"
                    TAGREFS="LT8"
                    BASELINE="262 1001 942 995" 
                    HPOS="261.0"
                    VPOS="960.0"
                    WIDTH="681.0"
                    HEIGHT="60.0">
            <Shape><Polygon POINTS="262 1001 262 1016 299 1011 308 1016 313 1020 314 1020 315 1020 316 1020 317 1020 329 1016 332 1015 339 1016 373 1020 374 1020 375 1020 393 1015 410 1010 418 1015 421 1017 422 1017 423 1017 424 1017 425 1017 426 1017 429 1014 435 1011 454 1014 482 1019 483 1019 484 1019 485 1019 485 1018 490 1014 491 1013 494 1014 511 1018 512 1018 513 1018 535 1013 554 1009 560 1013 566 1017 567 1017 568 1017 569 1018 633 1018 633 1017 634 1017 652 1012 667 1008 685 1012 713 1017 714 1017 715 1017 738 1011 755 1007 768 1007 773 1010 779 1016 780 1016 781 1016 782 1017 810 1017 810 1016 811 1016 812 1016 821 1010 829 1006 941 1008 942 995 941 971 919 961 918 961 917 961 916 961 898 967 877 960 876 960 875 960 806 965 773 961 772 961 771 961 770 961 764 966 760 963 759 963 758 963 757 963 728 969 723 970 704 969 671 967 670 967 669 967 665 969 659 972 639 968 629 967 628 967 621 968 599 974 561 974 552 968 545 963 544 963 543 963 542 963 518 968 487 974 473 967 466 964 465 964 451 964 450 964 449 964 448 964 448 965 445 967 438 974 424 967 422 966 421 966 420 966 419 966 418 966 417 967 405 975 372 975 364 970 363 970 362 970 361 970 300 974 286 966 285 965 284 965 283 965 282 965 261 965 262 1001"/></Shape>
	    <String CONTENT="rent, pere de celui, qui regne à preſent."
                    HPOS="261.0"
                    VPOS="960.0"
                    WIDTH="681.0"
                    HEIGHT="60.0"
                    WC="0.9980741469633012"></String>
          </TextLine>
        </TextBlock>
        <TextBlock HPOS="268.0"
                   VPOS="1015.0"
                   WIDTH="842.0"
                   HEIGHT="333.0"
                   ID="eSc_textblock_b8a4bba1"
                   TAGREFS="BT2583">
          <Shape><Polygon POINTS="268 1015 268 1348 1110 1348 1110 1015"/></Shape>
          <TextLine ID="eSc_line_3ecf6f86"
                    TAGREFS="LT8"
                    BASELINE="299 1050 1083 1043" 
                    HPOS="298.0"
                    VPOS="1007.0"
                    WIDTH="785.0"
                    HEIGHT="60.0">
            <Shape><Polygon POINTS="299 1050 299 1059 401 1067 402 1067 403 1067 404 1067 412 1060 431 1066 432 1066 433 1066 482 1060 499 1058 506 1060 520 1065 521 1065 522 1065 523 1065 540 1060 551 1057 626 1057 639 1060 652 1064 653 1064 654 1064 698 1060 764 1055 781 1060 785 1061 786 1061 857 1062 858 1062 883 1060 942 1055 1027 1059 1028 1059 1058 1053 1080 1060 1083 1043 1082 1016 1063 1008 1062 1008 1061 1008 1060 1008 1036 1014 1016 1009 1015 1009 1014 1009 1013 1009 1012 1009 1004 1015 917 1016 898 1007 897 1007 859 1007 858 1007 811 1008 810 1008 809 1008 800 1014 719 1009 718 1009 717 1009 681 1019 615 1019 598 1010 597 1010 596 1010 595 1010 594 1010 577 1018 522 1010 521 1010 407 1022 365 1022 328 1012 327 1012 326 1012 325 1012 298 1022 299 1050"/></Shape>
	    <String CONTENT="Quant aux Suedes, c’eſt choſe aſſez cognue,"
                    HPOS="298.0"
                    VPOS="1007.0"
                    WIDTH="785.0"
                    HEIGHT="60.0"
                    WC="0.9897075946940932"></String>
          </TextLine>
          <TextLine ID="eSc_line_ea70255f"
                    TAGREFS="LT8"
                    BASELINE="267 1095 271 1095 1087 1089" 
                    HPOS="264.0"
                    VPOS="1051.0"
                    WIDTH="822.0"
                    HEIGHT="66.0">
            <Shape><Polygon POINTS="266 1094 267 1117 284 1109 672 1114 687 1106 873 1112 879 1105 909 1105 1058 1111 1086 1102 1083 1059 915 1051 897 1059 862 1053 839 1062 718 1062 675 1053 666 1062 585 1054 578 1064 523 1064 467 1054 459 1064 421 1056 264 1064 266 1094"/></Shape>
	    <String CONTENT="comme Guſtauus de noſtre memoire, ſ&#x27;eſt deli¬"
                    HPOS="264.0"
                    VPOS="1051.0"
                    WIDTH="822.0"
                    HEIGHT="66.0"
                    WC="0.984748113155365"></String>
          </TextLine>
          <TextLine ID="eSc_line_90ab8c45"
                    TAGREFS="LT8"
                    BASELINE="259 1146 1088 1138" 
                    HPOS="258.0"
                    VPOS="1101.0"
                    WIDTH="830.0"
                    HEIGHT="60.0">
            <Shape><Polygon POINTS="259 1146 259 1161 351 1160 352 1160 353 1160 360 1155 394 1159 395 1159 396 1159 420 1153 530 1158 542 1158 543 1158 544 1158 545 1158 557 1152 590 1157 599 1158 600 1158 601 1158 604 1157 615 1151 654 1156 662 1157 663 1157 676 1156 732 1150 749 1155 753 1156 755 1156 756 1156 770 1155 812 1150 831 1154 838 1155 839 1155 840 1155 841 1155 843 1154 851 1149 861 1153 863 1154 864 1154 865 1154 866 1154 867 1154 867 1153 874 1149 1086 1150 1088 1138 1087 1110 1052 1101 1051 1101 1050 1101 965 1111 916 1111 903 1102 902 1102 901 1102 880 1102 879 1102 878 1102 849 1111 836 1103 835 1103 834 1103 833 1103 786 1111 772 1104 771 1104 770 1104 746 1108 733 1103 732 1103 731 1103 730 1103 707 1112 687 1104 686 1104 629 1104 628 1104 627 1104 607 1113 588 1105 587 1105 586 1105 585 1105 563 1112 543 1105 542 1105 541 1105 492 1114 441 1106 440 1106 439 1106 438 1106 426 1115 397 1115 378 1106 376 1106 375 1106 258 1116 259 1146"/></Shape>
	    <String CONTENT="uré &amp; les ſiens de la ſubiection des Danois. Et"
                    HPOS="258.0"
                    VPOS="1101.0"
                    WIDTH="830.0"
                    HEIGHT="60.0"
                    WC="0.9993694263199965"></String>
          </TextLine>
          <TextLine ID="eSc_line_63919d67"
                    TAGREFS="LT8"
                    BASELINE="260 1193 1088 1186" 
                    HPOS="259.0"
                    VPOS="1151.0"
                    WIDTH="829.0"
                    HEIGHT="58.0">
            <Shape><Polygon POINTS="260 1193 260 1209 370 1209 370 1208 371 1208 372 1208 373 1207 382 1202 445 1206 471 1207 472 1207 473 1207 480 1205 496 1201 546 1204 574 1206 575 1206 591 1204 616 1199 789 1199 793 1201 800 1204 801 1204 802 1204 826 1200 836 1199 839 1200 847 1204 848 1204 849 1204 850 1204 851 1204 856 1200 860 1198 882 1199 930 1203 931 1203 1087 1196 1088 1186 1084 1151 1065 1158 1046 1152 1044 1151 1043 1151 1042 1151 936 1152 935 1152 934 1152 932 1154 923 1161 903 1154 895 1152 894 1152 893 1152 892 1152 883 1155 864 1161 843 1156 832 1153 831 1153 829 1153 808 1156 787 1160 780 1157 770 1153 769 1153 733 1153 732 1153 708 1158 688 1164 612 1165 584 1165 577 1161 563 1155 562 1155 561 1155 511 1163 494 1165 485 1163 462 1157 461 1157 460 1157 459 1157 441 1164 438 1166 375 1166 365 1165 288 1158 287 1158 286 1158 259 1167 260 1193"/></Shape>
	    <String CONTENT="encores auiourdhui tiennẽt les Suedes leur Roi"
                    HPOS="259.0"
                    VPOS="1151.0"
                    WIDTH="829.0"
                    HEIGHT="58.0"
                    WC="0.9942515086620412"></String>
          </TextLine>
          <TextLine ID="eSc_line_b34b8671"
                    TAGREFS="LT8"
                    BASELINE="262 1243 1087 1233" 
                    HPOS="261.0"
                    VPOS="1200.0"
                    WIDTH="826.0"
                    HEIGHT="60.0">
            <Shape><Polygon POINTS="262 1243 262 1260 308 1252 368 1258 371 1258 372 1258 373 1258 374 1258 387 1252 398 1257 399 1258 400 1258 401 1258 402 1258 405 1257 433 1250 443 1256 443 1257 444 1257 445 1257 446 1258 503 1258 503 1257 530 1255 593 1248 667 1248 675 1251 682 1254 683 1254 684 1254 730 1250 779 1246 784 1249 790 1253 791 1253 792 1253 793 1254 828 1254 828 1253 829 1253 840 1248 842 1248 899 1252 900 1252 927 1246 936 1244 957 1245 1012 1249 1013 1249 1039 1243 1042 1243 1044 1243 1060 1249 1061 1249 1062 1249 1063 1249 1087 1242 1087 1233 1085 1208 997 1207 974 1200 973 1200 972 1200 971 1200 970 1200 959 1207 926 1204 925 1204 924 1204 911 1209 910 1209 902 1209 769 1202 768 1202 767 1202 751 1208 703 1203 702 1203 664 1211 658 1212 650 1211 626 1208 625 1208 584 1212 568 1213 558 1212 517 1206 516 1206 515 1206 514 1206 505 1212 488 1207 487 1207 486 1207 459 1213 453 1214 448 1213 440 1210 439 1210 438 1210 418 1213 406 1216 399 1213 379 1208 378 1208 376 1208 375 1208 355 1213 346 1207 345 1207 344 1207 343 1207 261 1214 262 1243"/></Shape>
	    <String CONTENT="priſonnier pour n’auoir aſſez ſagement admini¬"
                    HPOS="261.0"
                    VPOS="1200.0"
                    WIDTH="826.0"
                    HEIGHT="60.0"
                    WC="0.9972431128439696"></String>
          </TextLine>
          <TextLine ID="eSc_line_670d8e80"
                    TAGREFS="LT8"
                    BASELINE="260 1289 1087 1281" 
                    HPOS="259.0"
                    VPOS="1245.0"
                    WIDTH="828.0"
                    HEIGHT="63.0">
            <Shape><Polygon POINTS="260 1289 260 1308 311 1302 352 1307 360 1308 361 1308 362 1308 363 1308 364 1307 376 1299 388 1307 389 1307 390 1307 391 1307 392 1307 393 1307 417 1299 433 1305 434 1305 435 1305 485 1298 575 1305 585 1305 586 1305 654 1304 662 1303 663 1303 680 1296 736 1296 749 1303 750 1303 751 1303 752 1304 863 1304 863 1303 864 1303 870 1301 890 1294 946 1300 965 1302 966 1302 1001 1301 1002 1301 1003 1301 1005 1299 1016 1293 1085 1298 1087 1281 1083 1247 1066 1251 1051 1247 1043 1245 1042 1245 1041 1245 1040 1245 1039 1245 1036 1247 1027 1255 1006 1255 996 1248 992 1245 991 1245 990 1245 989 1245 929 1246 928 1246 920 1250 915 1252 910 1250 902 1247 901 1247 900 1247 899 1247 888 1250 869 1256 854 1251 843 1247 842 1247 841 1247 840 1247 832 1251 821 1257 770 1257 700 1257 692 1254 674 1248 673 1248 672 1248 631 1249 630 1249 629 1249 620 1255 615 1259 464 1261 438 1261 435 1259 425 1251 424 1251 423 1251 422 1251 421 1251 393 1259 390 1260 387 1259 361 1252 360 1252 320 1252 319 1252 318 1252 317 1252 307 1259 282 1252 281 1252 280 1252 279 1252 259 1260 260 1289"/></Shape>
	    <String CONTENT="ſtré ſon Roiaume, qu’ils ont tranſporté à ſon fre"
                    HPOS="259.0"
                    VPOS="1245.0"
                    WIDTH="828.0"
                    HEIGHT="63.0"
                    WC="0.9912593960762024"></String>
          </TextLine>
          <TextLine ID="eSc_line_c7f0e44e"
                    TAGREFS="LT8"
                    BASELINE="261 1339 733 1334" 
                    HPOS="260.0"
                    VPOS="1301.0"
                    WIDTH="473.0"
                    HEIGHT="51.0">
            <Shape><Polygon POINTS="261 1339 261 1352 733 1347 733 1334 731 1310 629 1301 628 1301 598 1308 591 1302 591 1301 590 1301 589 1301 558 1301 557 1301 556 1301 527 1311 526 1311 525 1311 514 1305 513 1305 512 1305 443 1311 433 1312 432 1311 424 1304 424 1303 423 1303 422 1303 391 1303 390 1303 389 1303 357 1312 351 1313 260 1313 261 1339"/></Shape>
	    <String CONTENT="re, que Dieu vueille benir."
                    HPOS="260.0"
                    VPOS="1301.0"
                    WIDTH="473.0"
                    HEIGHT="51.0"
                    WC="0.9759757540844105"></String>
          </TextLine>
        </TextBlock>
        <TextBlock HPOS="265.0"
                   VPOS="1353.0"
                   WIDTH="840.0"
                   HEIGHT="333.0"
                   ID="eSc_textblock_55c4f192"
                   TAGREFS="BT2583">
          <Shape><Polygon POINTS="265 1353 265 1686 1105 1686 1105 1353"/></Shape>
          <TextLine ID="eSc_line_ed0af93e"
                    TAGREFS="LT8"
                    BASELINE="314 1388 400 1385 1082 1380" 
                    HPOS="311.0"
                    VPOS="1336.0"
                    WIDTH="770.0"
                    HEIGHT="68.0">
            <Shape><Polygon POINTS="313 1387 313 1396 468 1404 494 1396 572 1402 716 1393 789 1401 812 1392 929 1399 941 1392 1011 1398 1054 1390 1077 1398 1081 1378 1078 1340 1037 1336 1010 1346 1001 1336 961 1336 925 1349 836 1349 803 1337 737 1349 709 1339 634 1352 527 1352 496 1340 448 1349 441 1342 381 1343 368 1352 311 1348 313 1387"/></Shape>
	    <String CONTENT="Les Eſcoſſois ces annces paſſees ont depoſé,"
                    HPOS="311.0"
                    VPOS="1336.0"
                    WIDTH="770.0"
                    HEIGHT="68.0"
                    WC="0.9983834968672858"></String>
          </TextLine>
          <TextLine ID="eSc_line_ea9a6ef0"
                    TAGREFS="LT8"
                    BASELINE="270 1432 1088 1426" 
                    HPOS="267.0"
                    VPOS="1390.0"
                    WIDTH="820.0"
                    HEIGHT="63.0">
            <Shape><Polygon POINTS="269 1431 269 1445 415 1453 416 1453 471 1445 482 1444 485 1445 502 1451 503 1451 505 1453 620 1453 620 1451 622 1451 637 1444 639 1444 642 1444 675 1451 677 1451 678 1451 699 1444 704 1442 709 1444 725 1450 727 1450 728 1450 762 1444 769 1442 774 1444 795 1450 797 1450 798 1450 800 1450 814 1442 817 1442 1086 1442 1087 1425 1083 1390 267 1398 269 1431"/></Shape>
	    <String CONTENT="&amp; condamné en priſon perpetuelle leur Roine"
                    HPOS="267.0"
                    VPOS="1390.0"
                    WIDTH="820.0"
                    HEIGHT="63.0"
                    WC="0.9973057156259363"></String>
          </TextLine>
          <TextLine ID="eSc_line_ae156735"
                    TAGREFS="LT8"
                    BASELINE="261 1483 1090 1476" 
                    HPOS="260.0"
                    VPOS="1438.0"
                    WIDTH="830.0"
                    HEIGHT="60.0">
            <Shape><Polygon POINTS="1087 1448 1067 1438 1066 1438 1065 1438 1022 1446 1009 1439 1008 1439 1007 1439 1006 1439 969 1449 955 1439 954 1439 953 1439 920 1439 919 1439 918 1439 900 1449 805 1440 804 1440 803 1440 802 1440 793 1448 723 1451 710 1441 709 1441 708 1441 707 1441 706 1441 685 1450 663 1441 662 1441 661 1441 660 1441 659 1441 647 1452 615 1452 497 1442 496 1442 451 1450 427 1444 426 1444 425 1444 424 1444 423 1444 412 1453 382 1444 381 1444 380 1444 379 1444 337 1455 260 1455 261 1483 261 1492 345 1498 346 1498 376 1492 383 1491 384 1492 391 1497 392 1497 393 1497 394 1497 395 1497 409 1492 413 1491 425 1492 478 1497 479 1497 520 1492 535 1490 598 1490 601 1491 610 1495 611 1495 612 1495 613 1495 614 1495 619 1491 623 1489 641 1491 673 1495 674 1496 716 1496 716 1495 717 1495 727 1491 735 1488 769 1491 810 1494 811 1494 839 1490 857 1488 869 1490 879 1492 880 1492 881 1492 882 1492 884 1490 889 1487 1088 1489 1090 1476 1089 1453 1087 1448"/></Shape>
	    <String CONTENT="accuſee de pluſieurs adulteres bien villains, du"
                    HPOS="260.0"
                    VPOS="1438.0"
                    WIDTH="830.0"
                    HEIGHT="60.0"
                    WC="0.9976729253927866"></String>
          </TextLine>
          <TextLine ID="eSc_line_f620f982"
                    TAGREFS="LT8"
                    BASELINE="261 1532 1089 1524" 
                    HPOS="260.0"
                    VPOS="1487.0"
                    WIDTH="829.0"
                    HEIGHT="56.0">
            <Shape><Polygon POINTS="261 1532 261 1543 1088 1533 1089 1524 1087 1497 1040 1497 1026 1487 1025 1487 1024 1487 994 1487 993 1487 992 1487 970 1497 968 1497 935 1492 934 1492 933 1492 921 1496 904 1488 903 1488 902 1488 901 1488 881 1497 879 1498 862 1498 784 1494 783 1494 782 1494 769 1498 765 1499 763 1498 749 1490 748 1490 747 1490 706 1490 705 1490 704 1490 703 1490 693 1498 692 1499 690 1498 664 1491 663 1491 632 1491 631 1491 630 1491 629 1491 621 1497 613 1491 612 1491 611 1491 571 1491 570 1491 569 1491 568 1491 557 1499 553 1502 517 1502 512 1499 496 1492 495 1492 494 1492 448 1500 431 1503 399 1503 394 1500 383 1494 382 1494 381 1494 380 1494 365 1500 357 1503 260 1501 261 1532"/></Shape>
	    <String CONTENT="meurtre treſ-cruel du Roi ſon mari: &amp; ſi ceſte ac"
                    HPOS="260.0"
                    VPOS="1487.0"
                    WIDTH="829.0"
                    HEIGHT="56.0"
                    WC="0.9797301377568927"></String>
          </TextLine>
          <TextLine ID="eSc_line_4b1e5180"
                    TAGREFS="LT8"
                    BASELINE="261 1580 1089 1571" 
                    HPOS="260.0"
                    VPOS="1534.0"
                    WIDTH="829.0"
                    HEIGHT="60.0">
            <Shape><Polygon POINTS="261 1580 261 1587 291 1594 292 1594 353 1587 355 1587 357 1587 405 1593 406 1593 441 1586 445 1586 450 1586 501 1592 502 1592 564 1586 574 1585 595 1585 718 1590 719 1590 720 1590 738 1585 744 1583 750 1584 766 1589 767 1589 768 1589 841 1588 842 1588 852 1584 858 1582 866 1584 881 1587 882 1587 883 1587 895 1584 906 1581 918 1584 935 1587 936 1587 958 1583 972 1581 976 1583 982 1587 983 1587 984 1587 985 1587 1088 1582 1089 1571 1088 1546 1064 1534 1063 1534 1062 1534 992 1546 953 1535 952 1535 927 1535 926 1535 925 1535 887 1548 850 1548 834 1536 833 1536 832 1536 831 1536 777 1537 776 1537 775 1537 757 1549 719 1549 688 1549 672 1538 671 1538 670 1538 629 1538 628 1538 627 1538 626 1538 612 1549 533 1552 513 1552 496 1540 495 1540 494 1540 493 1540 391 1553 356 1553 318 1542 317 1542 316 1542 260 1554 261 1580"/></Shape>
	    <String CONTENT="cuſation eſt bien verifiee, i’oſe bien dire qu’ils"
                    HPOS="260.0"
                    VPOS="1534.0"
                    WIDTH="829.0"
                    HEIGHT="60.0"
                    WC="0.998012318611145"></String>
          </TextLine>
          <TextLine ID="eSc_line_c2304fab"
                    TAGREFS="LT8"
                    BASELINE="265 1627 1085 1618" 
                    HPOS="264.0"
                    VPOS="1581.0"
                    WIDTH="821.0"
                    HEIGHT="65.0">
            <Shape><Polygon POINTS="265 1627 265 1637 286 1637 300 1645 302 1645 303 1645 304 1646 339 1646 339 1645 340 1645 341 1645 353 1637 368 1644 369 1644 370 1644 419 1637 443 1644 444 1644 445 1644 551 1634 563 1642 564 1642 565 1642 566 1642 567 1642 590 1635 624 1638 625 1638 655 1633 694 1641 695 1641 737 1632 752 1639 753 1639 810 1640 811 1640 812 1640 842 1631 856 1638 857 1638 858 1638 964 1630 982 1638 983 1638 984 1638 985 1638 1012 1629 1038 1634 1039 1634 1085 1627 1085 1618 1083 1593 1059 1593 1041 1581 1040 1581 1039 1581 1038 1581 1037 1581 1013 1592 989 1582 988 1582 901 1582 900 1582 899 1582 877 1594 811 1589 810 1589 809 1589 795 1597 755 1597 735 1584 734 1584 733 1584 732 1584 731 1584 703 1592 687 1585 686 1585 685 1585 655 1591 629 1585 628 1585 627 1585 601 1586 600 1586 579 1599 391 1600 315 1589 314 1589 313 1589 264 1602 265 1627"/></Shape>
	    <String CONTENT="euſſent trop mieux fait de l’en punir ſelõſes de¬"
                    HPOS="264.0"
                    VPOS="1581.0"
                    WIDTH="821.0"
                    HEIGHT="65.0"
                    WC="0.9817036843299866"></String>
          </TextLine>
          <TextLine ID="eSc_line_1b6d0189"
                    TAGREFS="LT8"
                    BASELINE="265 1682 302 1676 422 1675" 
                    HPOS="264.0"
                    VPOS="1644.0"
                    WIDTH="158.0"
                    HEIGHT="46.0">
            <Shape><Polygon POINTS="265 1682 265 1686 354 1690 355 1690 356 1690 370 1684 392 1689 393 1689 394 1689 395 1689 422 1682 422 1675 420 1650 372 1645 371 1645 370 1645 347 1651 310 1644 309 1644 264 1653 265 1682"/></Shape>
	    <String CONTENT="merites."
                    HPOS="264.0"
                    VPOS="1644.0"
                    WIDTH="158.0"
                    HEIGHT="46.0"
                    WC="0.9981347098946571"></String>
          </TextLine>
        </TextBlock>
        <TextBlock HPOS="285.0"
                   VPOS="1689.0"
                   WIDTH="817.0"
                   HEIGHT="58.0"
                   ID="eSc_textblock_6d9a5545"
                   TAGREFS="BT2583">
          <Shape><Polygon POINTS="287 1689 285 1747 1091 1732 1102 1689"/></Shape>
          <TextLine ID="eSc_line_fc963272"
                    TAGREFS="LT8"
                    BASELINE="300 1726 1084 1714" 
                    HPOS="299.0"
                    VPOS="1677.0"
                    WIDTH="785.0"
                    HEIGHT="74.0">
            <Shape><Polygon POINTS="300 1726 300 1741 321 1750 322 1750 323 1751 365 1751 365 1750 404 1742 423 1749 424 1749 425 1749 426 1749 427 1749 438 1740 457 1748 458 1748 459 1748 460 1748 461 1748 471 1739 472 1738 496 1738 509 1738 615 1745 616 1745 617 1745 618 1745 631 1737 632 1736 638 1737 691 1744 692 1744 778 1742 779 1742 798 1734 800 1734 814 1734 949 1740 950 1740 1006 1732 1019 1730 1082 1730 1084 1714 1082 1686 1045 1686 1019 1677 1018 1677 1017 1677 989 1682 933 1679 932 1679 931 1679 930 1679 921 1687 920 1687 888 1679 887 1679 886 1679 885 1679 868 1687 866 1688 864 1687 838 1680 837 1680 836 1680 835 1680 834 1680 822 1688 820 1689 810 1688 761 1681 760 1681 759 1681 729 1689 723 1690 717 1689 693 1682 692 1682 691 1682 642 1689 624 1692 584 1690 496 1685 495 1685 494 1685 474 1691 463 1695 344 1696 337 1692 331 1688 330 1688 329 1688 328 1688 299 1692 300 1726"/></Shape>
	    <String CONTENT="Quant au Roiaume d’Angleterre le plus heu¬"
                    HPOS="299.0"
                    VPOS="1677.0"
                    WIDTH="785.0"
                    HEIGHT="74.0"
                    WC="0.999354627870378"></String>
          </TextLine>
        </TextBlock>
        <TextBlock HPOS="991.0"
                   VPOS="1737.0"
                   WIDTH="111.0"
                   HEIGHT="28.0"
                   ID="eSc_textblock_3cd01500"
                   TAGREFS="BT17">
          <Shape><Polygon POINTS="1102 1765 1102 1737 991 1737 991 1765"/></Shape>
          <TextLine ID="eSc_line_7791e293"
                    TAGREFS="LT8"
                    BASELINE="995 1764 1084 1764" 
                    HPOS="995.0"
                    VPOS="1736.0"
                    WIDTH="89.0"
                    HEIGHT="47.0">
            <Shape><Polygon POINTS="995 1764 995 1783 1084 1781 1084 1764 1083 1736 995 1736 995 1764"/></Shape>
	    <String CONTENT="reux"
                    HPOS="995.0"
                    VPOS="1736.0"
                    WIDTH="89.0"
                    HEIGHT="47.0"
                    WC="0.9986920207738876"></String>
          </TextLine>
        </TextBlock>
        <TextBlock HPOS="66.0"
                   VPOS="754.0"
                   WIDTH="189.0"
                   HEIGHT="155.0"
                   ID="eSc_textblock_8d82273f"
                   TAGREFS="BT2584">
          <Shape><Polygon POINTS="66 754 66 909 255 909 255 754"/></Shape>
          <TextLine ID="eSc_line_3accf32b"
                    TAGREFS="LT8"
                    BASELINE="74 796 249 792" 
                    HPOS="73.0"
                    VPOS="760.0"
                    WIDTH="176.0"
                    HEIGHT="49.0">
            <Shape><Polygon POINTS="215 761 205 761 204 761 199 764 192 768 171 768 164 763 161 761 155 761 149 761 146 763 139 767 127 762 124 761 114 761 104 761 94 761 84 761 83 760 73 760 74 796 74 801 110 809 111 809 249 799 249 792 246 766 225 766 223 765 217 761 215 761"/></Shape>
	    <String CONTENT="Exẽple des"
                    HPOS="73.0"
                    VPOS="760.0"
                    WIDTH="176.0"
                    HEIGHT="49.0"
                    WC="0.9987235936251554"></String>
          </TextLine>
          <TextLine ID="eSc_line_90c35b57"
                    TAGREFS="LT8"
                    BASELINE="74 833 252 831" 
                    HPOS="73.0"
                    VPOS="800.0"
                    WIDTH="179.0"
                    HEIGHT="50.0">
            <Shape><Polygon POINTS="73 818 74 833 74 849 102 845 113 848 121 850 122 850 123 850 124 850 125 850 125 849 127 847 130 845 138 847 154 850 155 850 156 850 157 850 162 846 165 844 181 845 223 849 224 849 225 849 252 842 252 831 249 800 176 806 171 803 167 800 166 800 165 800 164 800 163 800 162 800 162 801 161 801 159 804 156 807 133 805 85 801 84 801 83 801 82 801 81 801 73 818"/></Shape>
	    <String CONTENT="Rois de Dã¬"
                    HPOS="73.0"
                    VPOS="800.0"
                    WIDTH="179.0"
                    HEIGHT="50.0"
                    WC="0.9998689492543539"></String>
          </TextLine>
          <TextLine ID="eSc_line_12c27370"
                    TAGREFS="LT8"
                    BASELINE="72 874 199 872" 
                    HPOS="71.0"
                    VPOS="847.0"
                    WIDTH="128.0"
                    HEIGHT="41.0">
            <Shape><Polygon POINTS="72 874 72 888 199 882 199 872 197 851 71 847 72 874"/></Shape>
	    <String CONTENT="nemarc."
                    HPOS="71.0"
                    VPOS="847.0"
                    WIDTH="128.0"
                    HEIGHT="41.0"
                    WC="0.9999483738626752"></String>
          </TextLine>
        </TextBlock>
        <TextBlock HPOS="76.0"
                   VPOS="1013.0"
                   WIDTH="184.0"
                   HEIGHT="142.0"
                   ID="eSc_textblock_c3caf381"
                   TAGREFS="BT2584">
          <Shape><Polygon POINTS="76 1013 76 1155 260 1155 260 1013"/></Shape>
          <TextLine ID="eSc_line_310fefc9"
                    TAGREFS="LT8"
                    BASELINE="74 1050 223 1050" 
                    HPOS="74.0"
                    VPOS="1017.0"
                    WIDTH="149.0"
                    HEIGHT="50.0">
            <Shape><Polygon POINTS="74 1039 74 1050 74 1060 81 1065 82 1065 83 1065 84 1065 117 1060 123 1066 123 1067 124 1067 125 1067 126 1067 127 1067 128 1067 135 1061 180 1067 181 1067 223 1058 223 1050 223 1029 205 1029 194 1018 194 1017 193 1017 192 1017 191 1017 147 1027 91 1017 90 1017 89 1017 88 1017 82 1021 74 1039"/></Shape>
	    <String CONTENT="Exemple"
                    HPOS="74.0"
                    VPOS="1017.0"
                    WIDTH="149.0"
                    HEIGHT="50.0"
                    WC="0.9997997028487069"></String>
          </TextLine>
          <TextLine ID="eSc_line_c266a09e"
                    TAGREFS="LT8"
                    BASELINE="77 1090 227 1090 254 1093" 
                    HPOS="74.0"
                    VPOS="1050.0"
                    WIDTH="178.0"
                    HEIGHT="56.0">
            <Shape><Polygon POINTS="76 1089 74 1098 249 1106 252 1092 251 1056 76 1050 76 1089"/></Shape>
	    <String CONTENT="des Rois de"
                    HPOS="74.0"
                    VPOS="1050.0"
                    WIDTH="178.0"
                    HEIGHT="56.0"
                    WC="0.9996659864078868"></String>
          </TextLine>
          <TextLine ID="eSc_line_0465b872"
                    TAGREFS="LT8"
                    BASELINE="77 1127 175 1129" 
                    HPOS="76.0"
                    VPOS="1092.0"
                    WIDTH="99.0"
                    HEIGHT="56.0">
            <Shape><Polygon POINTS="76 1145 115 1141 119 1144 123 1147 123 1148 124 1148 125 1148 126 1148 127 1148 146 1143 148 1142 149 1142 159 1148 160 1148 161 1148 162 1148 163 1148 164 1148 174 1141 175 1129 175 1102 148 1094 147 1094 146 1094 124 1097 98 1101 78 1092 77 1127 76 1145"/></Shape>
	    <String CONTENT="Suede."
                    HPOS="76.0"
                    VPOS="1092.0"
                    WIDTH="99.0"
                    HEIGHT="56.0"
                    WC="0.9991286993026733"></String>
          </TextLine>
        </TextBlock>
        <TextBlock HPOS="73.0"
                   VPOS="1351.0"
                   WIDTH="183.0"
                   HEIGHT="148.0"
                   ID="eSc_textblock_9d731879"
                   TAGREFS="BT2584">
          <Shape><Polygon POINTS="73 1351 73 1499 256 1499 256 1351"/></Shape>
          <TextLine ID="eSc_line_3497563e"
                    TAGREFS="LT8"
                    BASELINE="80 1396 255 1390" 
                    HPOS="77.0"
                    VPOS="1343.0"
                    WIDTH="177.0"
                    HEIGHT="72.0">
            <Shape><Polygon POINTS="79 1395 79 1415 165 1415 165 1413 167 1413 168 1413 178 1407 182 1404 196 1406 235 1410 237 1410 238 1410 254 1401 254 1389 249 1343 77 1352 79 1395"/></Shape>
	    <String CONTENT="Exẽple des"
                    HPOS="77.0"
                    VPOS="1343.0"
                    WIDTH="177.0"
                    HEIGHT="72.0"
                    WC="0.9996299689466303"></String>
          </TextLine>
          <TextLine ID="eSc_line_86749ffd"
                    TAGREFS="LT8"
                    BASELINE="77 1434 256 1433" 
                    HPOS="74.0"
                    VPOS="1396.0"
                    WIDTH="181.0"
                    HEIGHT="55.0">
            <Shape><Polygon POINTS="76 1433 76 1451 153 1442 179 1448 191 1451 193 1451 194 1451 254 1445 255 1431 251 1398 124 1407 74 1396 76 1433"/></Shape>
	    <String CONTENT="Rois d&#x27;Eſ¬"
                    HPOS="74.0"
                    VPOS="1396.0"
                    WIDTH="181.0"
                    HEIGHT="55.0"
                    WC="0.9993755459785462"></String>
          </TextLine>
          <TextLine ID="eSc_line_b31481ae"
                    TAGREFS="LT8"
                    BASELINE="76 1474 164 1472" 
                    HPOS="74.0"
                    VPOS="1438.0"
                    WIDTH="90.0"
                    HEIGHT="54.0">
            <Shape><Polygon POINTS="74 1441 76 1474 76 1492 120 1483 163 1484 164 1472 163 1449 140 1438 139 1438 121 1438 120 1438 119 1438 118 1438 118 1439 113 1445 109 1449 74 1441 74 1441"/></Shape>
	    <String CONTENT="coſſe."
                    HPOS="74.0"
                    VPOS="1438.0"
                    WIDTH="90.0"
                    HEIGHT="54.0"
                    WC="0.9986750185489655"></String>
          </TextLine>
        </TextBlock>
        <TextBlock HPOS="79.0"
                   VPOS="1611.0"
                   WIDTH="181.0"
                   HEIGHT="151.0"
                   ID="eSc_textblock_c540a8a8"
                   TAGREFS="BT2584">
          <Shape><Polygon POINTS="79 1611 79 1762 260 1762 260 1611"/></Shape>
          <TextLine ID="eSc_line_74d1f164"
                    TAGREFS="LT8"
                    BASELINE="78 1652 253 1648" 
                    HPOS="77.0"
                    VPOS="1613.0"
                    WIDTH="176.0"
                    HEIGHT="55.0">
            <Shape><Polygon POINTS="131 1615 130 1615 111 1624 89 1616 88 1616 87 1616 77 1633 78 1652 78 1657 122 1667 123 1668 149 1668 149 1667 151 1667 169 1661 182 1656 202 1656 209 1662 212 1664 212 1665 213 1665 214 1665 215 1665 253 1663 253 1648 251 1626 236 1626 217 1613 216 1613 215 1613 214 1613 213 1613 212 1613 212 1614 198 1626 132 1615 131 1615"/></Shape>
	    <String CONTENT="Exẽple des"
                    HPOS="77.0"
                    VPOS="1613.0"
                    WIDTH="176.0"
                    HEIGHT="55.0"
                    WC="0.9936762723055753"></String>
          </TextLine>
          <TextLine ID="eSc_line_502e4492"
                    TAGREFS="LT8"
                    BASELINE="85 1692 257 1687" 
                    HPOS="83.0"
                    VPOS="1656.0"
                    WIDTH="174.0"
                    HEIGHT="52.0">
            <Shape><Polygon POINTS="85 1692 85 1708 154 1701 185 1702 238 1704 239 1704 240 1704 257 1697 257 1687 255 1668 225 1667 224 1666 203 1656 202 1656 201 1656 182 1657 181 1657 180 1657 180 1658 174 1664 168 1670 128 1670 108 1661 104 1659 103 1659 102 1659 83 1659 85 1692"/></Shape>
	    <String CONTENT="Rois d’An¬"
                    HPOS="83.0"
                    VPOS="1656.0"
                    WIDTH="174.0"
                    HEIGHT="52.0"
                    WC="0.98822380900383"></String>
          </TextLine>
          <TextLine ID="eSc_line_b73d5208"
                    TAGREFS="LT8"
                    BASELINE="85 1730 212 1730" 
                    HPOS="85.0"
                    VPOS="1700.0"
                    WIDTH="127.0"
                    HEIGHT="97.0">
            <Shape><Polygon POINTS="85 1730 85 1793 211 1797 212 1730 212 1710 196 1710 188 1702 188 1701 187 1701 186 1701 185 1701 137 1708 122 1700 121 1700 96 1700 95 1700 94 1700 93 1700 93 1701 85 1708 85 1730"/></Shape>
	    <String CONTENT="gleterre."
                    HPOS="85.0"
                    VPOS="1700.0"
                    WIDTH="127.0"
                    HEIGHT="97.0"
                    WC="0.9986748231781853"></String>
          </TextLine>
        </TextBlock>
      </PrintSpace>
    </Page>
  </Layout>
</alto>
