1132 1824
453.0 154.0 31.0 43.0 33

54.0 188.0 819.0 61.0 par violence, pluſtoſt que par volontaire con¬

53.0 240.0 821.0 53.0 ſentement du Peuple: ſi eſt-ce qu’encores vou¬

52.0 282.0 822.0 56.0 lut-il ſembler auoir receu du peuple ſelon les

53.0 333.0 823.0 59.0 anciennes couſtumes, les eſtats & dignitez qu’il

52.0 383.0 823.0 55.0 tenoit: eſtant ſeulement reprins, & pour ce eſti¬

52.0 428.0 820.0 58.0 mé auoir eſte tué à bon droit, qu’il en auoit trop

50.0 471.0 821.0 65.0 receu. Auguſte ſon ſucceſſeur fut bien adopté

55.0 525.0 817.0 58.0 par icelui, mais non pas laiſſé heritier de l’Empi¬

52.0 573.0 823.0 58.0 re: & pourtant ſ’eſtudia de perſuader aux hom¬

53.0 622.0 821.0 60.0 mesqu’il tenoit de droit & par le peuple, ce qu’il

53.0 669.0 827.0 59.0 auoit occupé par violence. Tibere auſſi ſon ſuc

51.0 711.0 820.0 68.0 ceſſeur ne ſ’y porta point autrement: & Caligu¬

52.0 765.0 820.0 58.0 la apres lui fut Empereur, d’vn treſ-grand con¬

50.0 808.0 821.0 61.0 ſentement du Senat & du Peuple. Claudius fut

53.0 859.0 818.0 61.0 le premier qui acquiſt l’Empire par faueur mili¬

52.0 908.0 821.0 58.0 taire & acheptee: lequel touteſ-fois il n’exer¬

55.0 954.0 819.0 62.0 ça point ſans le conſentement du Peuple, qui ſe

56.0 1002.0 817.0 57.0 precipita de ſoi-meſmes en miſerable ſeruitude.

53.0 1047.0 821.0 64.0 Neron empoiſonneur & ſucceſſeur d’icelui, v¬

54.0 1098.0 818.0 60.0 ſurpa l’Empire d’vne violence toute manifeſte,

53.0 1145.0 823.0 61.0 mais ſa fin nous fournit d’vn exemple ſingulier

53.0 1195.0 821.0 56.0 de l’authorité que le Senat auoit encores lors, v¬

54.0 1244.0 822.0 57.0 ſant de ſes droits, qui auoient longuement dor¬

56.0 1289.0 821.0 64.0 mi. Car il eſt dit expreſſement, qu’il fut iugé en¬

56.0 1341.0 821.0 58.0 nemi par le Senat: dont il appert que les Empe¬

54.0 1389.0 824.0 56.0 reurs meſmes deuenãs Tyrans, pouuoient eſtre

57.0 1437.0 820.0 57.0 reprimez & chaſtiez par la voie de droit: & que

56.0 1482.0 822.0 60.0 l’Empire meſmes des Ceſars (quoi qu’il ſ'eſten¬

57.0 1531.0 821.0 60.0 diſt bien loin, par la loi appellee Roialle, fait¬

59.0 1580.0 818.0 61.0 te pour Auguſte, & renouuellee pour Veſpa¬

62.0 1629.0 818.0 57.0 ſian) n’a touteſ-fois eſté ſans quelque limitati¬

62.0 1677.0 816.0 65.0 on, tant que le droit & iuſtice ont eu lieu. Car

654.0 1739.0 31.0 50.0 E

890.0 478.0 118.0 73.0 Auguſte.

884.0 659.0 121.0 58.0 Tybere.

887.0 723.0 129.0 68.0 Caligula.

882.0 807.0 135.0 70.0 Claudius.

883.0 1048.0 107.0 57.0 Neron.
