<?xml version="1.0" encoding="UTF-8"?>
<alto xmlns:xsi="http://www.w3.org/2001/XMLSchema-instance"
      xmlns="http://www.loc.gov/standards/alto/ns-v4#"
      xsi:schemaLocation="http://www.loc.gov/standards/alto/ns-v4# http://www.loc.gov/standards/alto/v4/alto-4-2.xsd">
  <Description>
    <MeasurementUnit>pixel</MeasurementUnit>
    <sourceImageInformation>
      <fileName>75_006af_default.jpg</fileName>
      <fileIdentifier>mets//83_796e0_default.zip/75_006af_default.jpg</fileIdentifier>
    </sourceImageInformation>
  </Description>
  <Tags>
    <OtherTag ID="BT7" LABEL="CustomZone" DESCRIPTION="block type CustomZone"/><OtherTag ID="BT8" LABEL="DamageZone" DESCRIPTION="block type DamageZone"/><OtherTag ID="BT9" LABEL="DigitizationArtefactZone" DESCRIPTION="block type DigitizationArtefactZone"/><OtherTag ID="BT10" LABEL="DropCapitalZone" DESCRIPTION="block type DropCapitalZone"/><OtherTag ID="BT11" LABEL="GraphicZone" DESCRIPTION="block type GraphicZone"/><OtherTag ID="BT12" LABEL="MainZone" DESCRIPTION="block type MainZone"/><OtherTag ID="BT13" LABEL="MarginTextZone" DESCRIPTION="block type MarginTextZone"/><OtherTag ID="BT14" LABEL="MusicZone" DESCRIPTION="block type MusicZone"/><OtherTag ID="BT15" LABEL="NumberingZone" DESCRIPTION="block type NumberingZone"/><OtherTag ID="BT17" LABEL="QuireMarksZone" DESCRIPTION="block type QuireMarksZone"/><OtherTag ID="BT18" LABEL="RunningTitleZone" DESCRIPTION="block type RunningTitleZone"/><OtherTag ID="BT19" LABEL="SealZone" DESCRIPTION="block type SealZone"/><OtherTag ID="BT20" LABEL="StampZone" DESCRIPTION="block type StampZone"/><OtherTag ID="BT21" LABEL="TableZone" DESCRIPTION="block type TableZone"/><OtherTag ID="BT22" LABEL="TitlePageZone" DESCRIPTION="block type TitlePageZone"/><OtherTag ID="BT2582" LABEL="MainZone-Head" DESCRIPTION="block type MainZone-Head"/><OtherTag ID="BT2583" LABEL="MainZone-P" DESCRIPTION="block type MainZone-P"/><OtherTag ID="BT2584" LABEL="MarginTextZone-Notes" DESCRIPTION="block type MarginTextZone-Notes"/><OtherTag ID="BT2585" LABEL="MainZone-Continued" DESCRIPTION="block type MainZone-Continued"/>
    <OtherTag ID="LT7" LABEL="CustomLine" DESCRIPTION="line type CustomLine"/><OtherTag ID="LT8" LABEL="DefaultLine" DESCRIPTION="line type DefaultLine"/><OtherTag ID="LT9" LABEL="DropCapitalLine" DESCRIPTION="line type DropCapitalLine"/><OtherTag ID="LT10" LABEL="HeadingLine" DESCRIPTION="line type HeadingLine"/><OtherTag ID="LT11" LABEL="InterlinearLine" DESCRIPTION="line type InterlinearLine"/><OtherTag ID="LT12" LABEL="MusicLine" DESCRIPTION="line type MusicLine"/>
  </Tags>
  <Layout>
    <Page WIDTH="1132"
          HEIGHT="1824"
          PHYSICAL_IMG_NR="75"
          ID="eSc_dummypage_">
      <PrintSpace HPOS="0"
                  VPOS="0"
                  WIDTH="1132"
                  HEIGHT="1824">
        <TextBlock HPOS="636.0"
                   VPOS="137.0"
                   WIDTH="70.0"
                   HEIGHT="38.0"
                   ID="eSc_textblock_30e9216b"
                   TAGREFS="BT15">
          <Shape><Polygon POINTS="636 141 636 175 706 166 701 137"/></Shape>
          <TextLine ID="eSc_line_e8fe02b2"
                    TAGREFS="LT8"
                    BASELINE="655 164 694 161" 
                    HPOS="653.0"
                    VPOS="131.0"
                    WIDTH="41.0"
                    HEIGHT="45.0">
            <Shape><Polygon POINTS="683 131 676 131 670 131 662 134 653 138 655 164 656 176 694 172 694 161 689 135 683 131"/></Shape>
	    <String CONTENT="76"
                    HPOS="653.0"
                    VPOS="131.0"
                    WIDTH="41.0"
                    HEIGHT="45.0"></String>
          </TextLine>
        </TextBlock>
        <TextBlock HPOS="260.0"
                   VPOS="174.0"
                   WIDTH="834.0"
                   HEIGHT="1544.0"
                   ID="eSc_textblock_30752c53"
                   TAGREFS="BT2585">
          <Shape><Polygon POINTS="260 174 260 1718 1094 1718 1094 174"/></Shape>
          <TextLine ID="eSc_line_681121d7"
                    TAGREFS="LT8"
                    BASELINE="265 207 716 210 1086 218" 
                    HPOS="264.0"
                    VPOS="170.0"
                    WIDTH="822.0"
                    HEIGHT="62.0">
            <Shape><Polygon POINTS="1083 189 1059 179 1055 179 1050 178 1033 182 1007 177 1006 177 869 187 839 175 838 175 833 175 822 175 812 175 811 175 810 175 809 175 796 185 781 181 780 181 779 181 778 181 777 181 770 186 691 173 690 173 689 173 668 183 659 179 658 179 657 179 627 184 626 184 579 182 567 172 566 172 565 172 564 172 563 172 522 182 515 176 514 176 513 176 512 176 470 182 468 182 445 182 430 182 415 170 414 170 413 170 407 170 397 170 387 170 386 170 385 170 384 170 360 180 336 170 336 170 329 170 310 180 272 180 266 202 265 207 264 214 320 222 321 222 394 217 402 217 414 218 491 224 492 224 518 220 531 218 547 220 565 223 566 223 587 221 611 219 623 222 634 225 635 225 636 225 637 225 643 222 646 221 650 222 658 226 659 226 660 226 661 226 672 223 684 220 728 224 771 229 772 229 829 226 898 224 918 229 928 231 929 231 959 230 1024 226 1084 232 1086 218 1086 192 1083 189"/></Shape>
	    <String CONTENT="Ceſar. Mais que ſera-ce, dira quelqu’vn, ſi le Prin"
                    HPOS="264.0"
                    VPOS="170.0"
                    WIDTH="822.0"
                    HEIGHT="62.0"
                    WC="0.9862305860893399"></String>
          </TextLine>
          <TextLine ID="eSc_line_1b13c162"
                    TAGREFS="LT8"
                    BASELINE="264 256 1091 266" 
                    HPOS="263.0"
                    VPOS="219.0"
                    WIDTH="828.0"
                    HEIGHT="66.0">
            <Shape><Polygon POINTS="264 256 263 264 317 265 318 266 346 277 347 277 348 277 470 270 505 268 510 271 525 279 526 279 527 280 554 280 554 279 555 279 569 272 575 269 581 273 592 280 593 280 594 280 595 280 596 280 621 274 667 280 668 280 669 280 670 280 677 275 685 271 741 277 768 279 769 279 770 279 771 279 773 277 783 272 841 272 866 272 882 280 888 283 889 283 950 284 951 284 952 284 957 282 969 276 979 283 980 283 982 283 1041 285 1042 285 1043 285 1044 285 1045 284 1054 278 1089 285 1091 266 1088 228 1044 240 1014 240 996 228 995 226 994 226 993 226 992 226 991 226 988 228 962 238 902 233 901 233 880 237 863 228 860 226 859 226 858 226 847 228 790 236 772 228 761 223 760 223 759 223 731 228 692 235 646 233 639 229 628 222 627 222 611 222 610 222 609 222 608 222 600 229 593 233 487 233 482 229 472 220 471 220 470 220 428 219 373 219 372 219 371 219 370 219 357 228 324 220 323 220 322 220 302 229 299 230 264 230 264 256"/></Shape>
	    <String CONTENT="ce oppreſſe ſon peuple par tributs &amp; impoſts ini"
                    HPOS="263.0"
                    VPOS="219.0"
                    WIDTH="828.0"
                    HEIGHT="66.0"
                    WC="0.989348883430163"></String>
          </TextLine>
          <TextLine ID="eSc_line_0c000ab3"
                    TAGREFS="LT8"
                    BASELINE="265 304 721 308 1087 316" 
                    HPOS="264.0"
                    VPOS="272.0"
                    WIDTH="823.0"
                    HEIGHT="61.0">
            <Shape><Polygon POINTS="265 304 264 321 317 322 318 322 319 322 366 314 392 322 393 322 394 322 395 322 423 315 437 324 438 324 439 324 440 324 441 324 442 324 473 316 509 325 512 325 513 325 517 325 583 317 639 323 640 323 641 323 651 318 699 318 713 327 714 327 715 327 716 327 794 320 839 326 840 326 864 321 886 329 887 329 888 329 926 324 957 328 958 328 959 328 960 328 968 323 1009 323 1019 332 1020 332 1021 332 1022 333 1086 333 1087 316 1086 289 907 287 900 286 793 277 792 277 635 282 583 274 582 274 545 281 544 281 469 281 468 280 426 272 388 272 387 272 386 272 385 272 375 279 358 273 357 273 356 273 355 273 344 278 265 278 265 304"/></Shape>
	    <String CONTENT="ques? Alors apres les remonſtrances, ceux qui"
                    HPOS="264.0"
                    VPOS="272.0"
                    WIDTH="823.0"
                    HEIGHT="61.0"
                    WC="0.9896007657051087"></String>
          </TextLine>
          <TextLine ID="eSc_line_9b96b0eb"
                    TAGREFS="LT8"
                    BASELINE="263 352 1087 362" 
                    HPOS="262.0"
                    VPOS="320.0"
                    WIDTH="825.0"
                    HEIGHT="57.0">
            <Shape><Polygon POINTS="263 352 262 363 453 363 466 364 522 371 523 371 636 366 658 365 660 366 673 372 674 372 675 372 705 367 727 373 728 373 729 373 730 373 746 367 747 366 748 367 757 373 758 373 759 373 760 373 827 367 836 367 840 367 873 375 874 375 875 375 897 368 907 375 908 375 909 375 910 375 1003 372 1038 377 1039 377 1086 369 1087 362 1087 337 1070 328 1069 328 1068 328 1023 337 1020 337 950 337 949 336 943 331 942 331 941 331 940 331 939 331 928 335 926 336 925 335 910 326 909 326 908 326 907 326 854 327 853 327 840 334 838 334 808 329 807 329 806 329 798 333 796 334 788 333 732 325 731 325 688 331 681 332 659 331 577 326 576 326 575 326 565 329 559 331 527 329 475 325 474 325 473 325 464 328 461 329 459 328 450 321 449 321 448 321 426 320 383 320 382 320 381 320 361 326 351 329 330 326 306 322 305 322 304 322 295 325 288 328 263 325 263 352"/></Shape>
	    <String CONTENT="ont authorité, comme nous auons dit, y peuuẽt"
                    HPOS="262.0"
                    VPOS="320.0"
                    WIDTH="825.0"
                    HEIGHT="57.0"
                    WC="0.9951613177644446"></String>
          </TextLine>
          <TextLine ID="eSc_line_7574bdc5"
                    TAGREFS="LT8"
                    BASELINE="264 401 1086 410" 
                    HPOS="263.0"
                    VPOS="365.0"
                    WIDTH="823.0"
                    HEIGHT="55.0">
            <Shape><Polygon POINTS="264 401 263 409 472 417 473 417 524 413 525 413 527 413 575 418 576 418 577 418 593 414 743 420 744 420 1085 419 1086 410 1085 384 1037 384 1035 382 1018 373 1017 373 1016 373 966 380 953 372 952 372 951 372 950 372 949 372 937 380 937 381 904 382 897 380 878 371 877 371 876 371 845 378 838 380 832 377 812 370 811 370 810 370 779 376 773 377 764 376 721 369 720 369 691 374 676 377 664 374 648 369 647 369 646 369 645 369 634 373 623 378 555 378 503 372 502 372 470 376 447 370 446 370 445 370 364 375 347 367 342 365 341 365 340 365 339 365 332 367 313 372 264 366 264 401"/></Shape>
	    <String CONTENT="&amp; doiuent mettre ordre ſelon les loix du Roi¬"
                    HPOS="263.0"
                    VPOS="365.0"
                    WIDTH="823.0"
                    HEIGHT="55.0"
                    WC="0.9809536019961039"></String>
          </TextLine>
          <TextLine ID="eSc_line_6f6a5503"
                    TAGREFS="LT8"
                    BASELINE="266 447 1085 459" 
                    HPOS="266.0"
                    VPOS="416.0"
                    WIDTH="819.0"
                    HEIGHT="58.0">
            <Shape><Polygon POINTS="266 447 266 460 316 458 342 462 365 465 366 465 367 465 373 462 384 458 417 463 427 464 428 464 455 463 561 460 643 461 661 467 670 469 671 469 672 469 686 467 712 463 741 468 753 470 755 470 763 468 786 463 840 470 862 472 863 472 888 470 934 467 952 471 959 473 960 473 961 473 962 473 966 472 976 467 984 472 985 473 986 473 987 473 988 474 1084 474 1085 459 1083 425 1024 433 997 424 995 424 994 424 993 424 989 424 952 431 918 426 917 426 864 431 856 425 856 424 855 424 854 424 853 424 852 424 851 424 843 429 826 424 820 422 819 422 818 422 817 422 811 424 792 430 785 424 782 421 781 421 780 421 779 421 731 424 659 428 639 423 623 420 622 420 621 420 615 423 607 427 501 426 497 423 488 417 487 417 486 417 485 417 442 421 407 416 406 416 405 416 404 416 395 423 393 424 369 423 291 418 290 418 266 422 266 447"/></Shape>
	    <String CONTENT="aume. Et faut encores noter ce point, Qu’vn"
                    HPOS="266.0"
                    VPOS="416.0"
                    WIDTH="819.0"
                    HEIGHT="58.0"
                    WC="0.9983923088672549"></String>
          </TextLine>
          <TextLine ID="eSc_line_38455455"
                    TAGREFS="LT8"
                    BASELINE="265 498 1086 505" 
                    HPOS="264.0"
                    VPOS="466.0"
                    WIDTH="822.0"
                    HEIGHT="55.0">
            <Shape><Polygon POINTS="265 498 264 507 589 508 607 513 626 518 627 518 628 518 651 514 675 510 738 515 782 519 783 519 784 519 794 516 808 513 827 517 839 519 840 519 863 518 923 513 933 519 934 520 935 520 936 520 969 521 970 521 982 520 1005 516 1041 521 1048 521 1049 521 1050 521 1051 521 1067 515 1083 521 1086 505 1086 481 1054 474 1053 474 1025 478 1012 472 1011 472 1010 472 973 479 968 479 884 479 882 477 877 473 876 473 875 473 874 473 873 473 865 477 862 478 856 476 839 471 838 471 837 471 804 475 791 477 782 475 763 470 762 470 761 470 725 474 723 474 722 474 716 469 715 469 714 469 648 469 647 469 646 469 634 472 620 476 579 471 557 469 556 469 546 471 523 475 509 470 500 467 499 467 498 467 470 469 417 474 407 468 406 467 405 467 404 467 403 467 402 467 399 468 382 474 360 467 355 466 354 466 353 466 346 467 314 473 300 466 299 466 298 466 265 466 265 498"/></Shape>
	    <String CONTENT="Prince excedant en ceſt endroit ou en quelque"
                    HPOS="264.0"
                    VPOS="466.0"
                    WIDTH="822.0"
                    HEIGHT="55.0"
                    WC="0.9972466164165072"></String>
          </TextLine>
          <TextLine ID="eSc_line_a491302f"
                    TAGREFS="LT8"
                    BASELINE="269 549 422 547 1086 555" 
                    HPOS="266.0"
                    VPOS="507.0"
                    WIDTH="818.0"
                    HEIGHT="66.0">
            <Shape><Polygon POINTS="267 548 266 554 327 565 418 557 509 566 514 566 524 559 581 568 604 560 678 568 692 560 702 570 812 562 832 571 972 573 1001 565 1081 573 1084 554 1081 518 849 522 762 512 745 521 731 512 683 519 670 510 664 510 648 518 619 510 581 519 453 507 421 516 404 507 363 516 267 516 267 548"/></Shape>
	    <String CONTENT="autre ſemblable, ne doit eſtre incontinent tenu"
                    HPOS="266.0"
                    VPOS="507.0"
                    WIDTH="818.0"
                    HEIGHT="66.0"
                    WC="0.9996744609893636"></String>
          </TextLine>
          <TextLine ID="eSc_line_38368ef4"
                    TAGREFS="LT8"
                    BASELINE="268 593 1081 604" 
                    HPOS="268.0"
                    VPOS="558.0"
                    WIDTH="813.0"
                    HEIGHT="65.0">
            <Shape><Polygon POINTS="268 593 268 612 364 603 379 614 380 614 381 614 382 615 401 615 401 614 402 614 403 614 415 605 459 604 470 612 471 612 472 612 473 612 502 605 557 613 558 613 559 613 584 606 593 613 594 613 595 613 596 613 656 608 672 617 672 618 673 618 674 618 712 619 713 619 733 618 743 617 744 617 745 617 758 609 816 616 817 616 858 611 887 620 891 621 892 621 893 621 902 620 970 612 1001 621 1006 623 1007 623 1008 623 1016 622 1046 615 1079 622 1081 604 1080 578 1020 578 1018 577 1001 566 1000 566 999 566 979 566 978 566 977 566 959 576 958 576 841 575 840 574 785 563 733 563 732 563 731 563 701 572 610 561 609 561 608 561 607 561 597 569 591 564 590 564 589 564 588 564 558 570 490 559 489 559 488 559 463 569 462 569 408 569 408 568 394 558 393 558 392 558 362 558 361 558 360 558 359 558 344 567 268 567 268 593"/></Shape>
	    <String CONTENT="pour Tyran, ſous vmbre qu’il ſera ou prodigue,"
                    HPOS="268.0"
                    VPOS="558.0"
                    WIDTH="813.0"
                    HEIGHT="65.0"
                    WC="0.9889584572418876"></String>
          </TextLine>
          <TextLine ID="eSc_line_dce33111"
                    TAGREFS="LT8"
                    BASELINE="263 643 1084 651" 
                    HPOS="262.0"
                    VPOS="613.0"
                    WIDTH="822.0"
                    HEIGHT="49.0">
            <Shape><Polygon POINTS="263 643 262 651 366 658 367 658 445 654 464 653 466 654 473 659 474 659 475 659 476 659 542 655 561 654 564 655 574 660 575 660 576 660 622 656 635 655 651 656 698 661 699 661 721 657 729 656 744 657 786 662 787 662 1083 661 1084 651 1084 625 1065 617 1064 617 1063 617 993 624 984 625 982 624 977 620 976 620 975 620 974 620 912 623 886 624 884 623 877 617 876 617 875 617 874 617 824 622 806 623 799 621 776 614 775 614 774 614 740 619 713 614 712 614 711 614 694 619 686 622 680 619 665 613 664 613 606 613 605 613 604 613 586 618 575 621 563 617 556 615 555 615 554 615 536 617 510 620 505 616 502 614 501 614 500 614 499 614 464 616 406 619 387 615 384 614 383 614 382 614 381 614 380 614 367 619 263 613 263 643"/></Shape>
	    <String CONTENT="ou auaricieux, ou addõné à tel autre vice: ains la"
                    HPOS="262.0"
                    VPOS="613.0"
                    WIDTH="822.0"
                    HEIGHT="49.0"
                    WC="0.9876541405353906"></String>
          </TextLine>
          <TextLine ID="eSc_line_79783177"
                    TAGREFS="LT8"
                    BASELINE="267 690 1086 699" 
                    HPOS="266.0"
                    VPOS="656.0"
                    WIDTH="820.0"
                    HEIGHT="59.0">
            <Shape><Polygon POINTS="267 690 266 699 280 707 281 707 282 707 422 702 440 702 475 702 477 703 485 709 486 709 487 709 488 709 541 705 542 705 572 710 573 710 574 710 589 706 596 704 628 706 675 710 676 710 696 708 717 705 738 709 759 712 760 712 761 712 771 709 782 706 795 710 803 712 804 712 805 712 806 712 812 710 821 707 836 710 842 712 843 712 844 712 859 711 901 707 910 712 911 712 912 712 913 712 915 712 939 708 969 713 976 714 977 714 978 714 980 713 994 708 1005 714 1008 715 1009 715 1010 715 1017 714 1043 710 1084 715 1086 699 1084 670 913 671 903 666 896 663 895 663 856 663 855 663 841 665 815 670 753 664 723 661 722 661 711 663 689 668 671 662 669 662 668 662 667 662 660 662 609 667 596 661 595 661 594 661 593 661 592 661 591 661 572 667 529 660 520 659 519 659 514 660 486 666 424 661 423 661 314 664 304 657 303 657 302 657 267 656 267 690"/></Shape>
	    <String CONTENT="Tyrannie emporte vne malice confermee auec"
                    HPOS="266.0"
                    VPOS="656.0"
                    WIDTH="820.0"
                    HEIGHT="59.0"
                    WC="0.991715499332973"></String>
          </TextLine>
          <TextLine ID="eSc_line_03b5abd8"
                    TAGREFS="LT8"
                    BASELINE="265 737 1085 746" 
                    HPOS="264.0"
                    VPOS="704.0"
                    WIDTH="821.0"
                    HEIGHT="58.0">
            <Shape><Polygon POINTS="265 737 264 745 350 747 357 754 358 754 359 754 360 754 415 748 465 748 478 755 479 755 480 755 593 750 629 757 630 757 719 751 741 758 742 758 743 758 899 753 918 760 919 760 1045 762 1046 762 1084 754 1085 746 1085 721 1006 721 1003 720 971 710 970 710 969 710 932 719 929 719 927 719 902 709 901 709 873 709 872 709 871 709 855 718 854 718 852 718 831 712 829 712 828 712 827 712 819 716 811 709 811 708 810 708 809 708 808 708 771 716 749 708 748 708 747 708 713 713 705 707 704 707 703 707 702 707 658 715 630 706 629 706 578 706 577 706 576 706 558 714 555 715 551 714 534 709 533 709 532 709 487 713 476 714 472 713 447 704 446 704 445 704 444 704 414 712 410 713 265 711 265 737"/></Shape>
	    <String CONTENT="vn renuerſement d’Eſtat &amp; des Loix fondamen¬"
                    HPOS="264.0"
                    VPOS="704.0"
                    WIDTH="821.0"
                    HEIGHT="58.0"
                    WC="0.9905960993333296"></String>
          </TextLine>
          <TextLine ID="eSc_line_cca8e1ec"
                    TAGREFS="LT8"
                    BASELINE="273 786 1086 794" 
                    HPOS="270.0"
                    VPOS="749.0"
                    WIDTH="814.0"
                    HEIGHT="62.0">
            <Shape><Polygon POINTS="272 785 270 799 862 810 887 804 922 811 1083 804 1084 793 1083 766 865 756 792 763 756 752 731 761 722 752 681 761 652 752 623 761 534 761 524 750 492 760 467 750 416 758 394 749 356 758 328 749 272 753 272 785"/></Shape>
	    <String CONTENT="talles d’vn Roiaume. Ie di plus outre, qu’enco¬"
                    HPOS="270.0"
                    VPOS="749.0"
                    WIDTH="814.0"
                    HEIGHT="62.0"
                    WC="0.9703055899193946"></String>
          </TextLine>
          <TextLine ID="eSc_line_7d2aa5b3"
                    TAGREFS="LT8"
                    BASELINE="272 830 291 833 1086 843" 
                    HPOS="269.0"
                    VPOS="796.0"
                    WIDTH="815.0"
                    HEIGHT="61.0">
            <Shape><Polygon POINTS="270 829 269 848 1081 857 1084 842 1084 811 1057 802 1055 802 1054 802 1052 802 1051 802 1039 810 1034 814 960 814 917 808 821 799 753 799 751 799 750 799 748 799 748 801 740 807 737 810 681 810 678 807 674 802 674 801 672 801 670 801 669 801 608 805 569 808 562 805 549 796 547 796 546 796 544 796 543 796 520 804 512 807 511 804 502 798 502 796 500 796 499 796 497 796 496 796 477 804 470 807 270 802 270 829"/></Shape>
	    <String CONTENT="res qu’on ait iuſte occaſion de reſiſter par voie"
                    HPOS="269.0"
                    VPOS="796.0"
                    WIDTH="815.0"
                    HEIGHT="61.0"
                    WC="0.9900522791609472"></String>
          </TextLine>
          <TextLine ID="eSc_line_de2fbe24"
                    TAGREFS="LT8"
                    BASELINE="263 881 1087 890" 
                    HPOS="262.0"
                    VPOS="846.0"
                    WIDTH="825.0"
                    HEIGHT="59.0">
            <Shape><Polygon POINTS="263 881 262 890 312 898 313 898 314 898 337 892 338 892 354 897 355 897 356 897 427 893 443 893 447 894 469 900 470 900 599 901 600 901 619 897 629 895 646 897 671 901 672 901 673 901 674 901 678 898 683 896 736 899 817 904 818 904 835 901 849 898 861 901 870 904 871 904 872 904 873 904 881 902 895 898 907 902 914 905 915 905 916 905 932 903 949 900 954 903 956 905 957 905 958 905 959 905 969 903 989 900 1085 905 1087 890 1084 854 1049 863 1007 861 996 853 995 853 994 853 968 853 950 853 949 853 948 853 947 853 932 863 909 863 888 852 887 852 867 852 827 852 826 852 825 852 824 852 811 860 724 853 723 853 634 859 600 849 599 849 598 849 597 849 579 859 541 859 419 857 386 847 385 847 384 847 383 847 347 855 336 846 335 846 334 846 263 846 263 881"/></Shape>
	    <String CONTENT="de fait à vne tyrannie toute manifeſte, ſi faut-il"
                    HPOS="262.0"
                    VPOS="846.0"
                    WIDTH="825.0"
                    HEIGHT="59.0"
                    WC="0.983876859440523"></String>
          </TextLine>
          <TextLine ID="eSc_line_f48dc1ee"
                    TAGREFS="LT8"
                    BASELINE="260 929 1086 938" 
                    HPOS="259.0"
                    VPOS="895.0"
                    WIDTH="827.0"
                    HEIGHT="60.0">
            <Shape><Polygon POINTS="260 929 259 937 274 945 275 945 276 945 344 939 363 947 364 947 365 947 413 940 507 940 551 949 552 949 606 942 623 949 624 949 625 949 626 949 646 943 677 950 678 950 680 950 681 950 689 945 762 950 763 950 818 945 845 952 846 952 847 952 972 946 1005 954 1006 954 1007 955 1068 955 1068 954 1069 954 1085 946 1086 938 1085 909 1005 912 997 908 987 903 986 903 985 903 984 903 975 908 969 912 920 912 912 907 901 903 900 903 899 903 898 903 889 907 884 909 875 907 852 901 851 901 850 901 849 901 838 906 833 909 735 909 728 905 713 899 712 899 711 899 672 904 626 898 625 898 624 898 605 904 601 905 593 904 563 901 562 901 561 901 554 904 548 906 540 904 515 897 514 897 513 897 437 903 420 904 408 903 351 895 350 895 260 901 260 929"/></Shape>
	    <String CONTENT="conſiderer ceſte notable ſentence (encores qu’¬"
                    HPOS="259.0"
                    VPOS="895.0"
                    WIDTH="827.0"
                    HEIGHT="60.0"
                    WC="0.9976372769538392"></String>
          </TextLine>
          <TextLine ID="eSc_line_7c7cb5e7"
                    TAGREFS="LT8"
                    BASELINE="260 977 1085 989" 
                    HPOS="259.0"
                    VPOS="942.0"
                    WIDTH="826.0"
                    HEIGHT="64.0">
            <Shape><Polygon POINTS="260 977 259 985 279 992 280 992 281 992 376 989 399 989 407 990 454 998 455 998 549 993 586 992 631 993 635 996 646 1001 647 1001 648 1002 708 1002 708 1001 709 1001 719 998 731 994 771 999 797 1002 857 1003 858 1003 859 1003 865 1001 880 997 910 1002 922 1004 923 1004 924 1004 925 1004 926 1003 936 997 965 997 974 1003 975 1003 976 1003 977 1003 1006 998 1016 1005 1017 1005 1018 1005 1019 1005 1020 1005 1021 1005 1029 1001 1083 1006 1085 989 1084 957 1063 952 1062 952 1061 952 1060 952 1054 956 1044 963 1019 963 1008 955 1002 951 1001 951 1000 951 967 951 966 951 965 951 955 955 937 961 927 954 921 950 920 950 919 950 918 950 917 950 916 950 911 954 907 957 892 954 881 951 880 951 879 951 868 953 842 959 816 952 803 949 802 949 801 949 800 949 793 952 778 958 639 958 619 952 618 952 617 952 578 956 560 948 559 948 558 948 557 948 556 948 555 948 533 955 502 950 501 950 500 950 487 955 476 947 472 944 471 944 470 944 469 944 432 946 336 953 315 944 309 942 308 942 307 942 260 943 260 977"/></Shape>
	    <String CONTENT="elle ait eſté prononcee par vn Payen) aſſauoir"
                    HPOS="259.0"
                    VPOS="942.0"
                    WIDTH="826.0"
                    HEIGHT="64.0"
                    WC="0.9884609224948477"></String>
          </TextLine>
          <TextLine ID="eSc_line_5fa033a3"
                    TAGREFS="LT8"
                    BASELINE="262 1026 1085 1033" 
                    HPOS="261.0"
                    VPOS="992.0"
                    WIDTH="824.0"
                    HEIGHT="58.0">
            <Shape><Polygon POINTS="262 1026 261 1034 295 1045 296 1045 297 1045 369 1036 376 1036 383 1037 428 1046 429 1047 472 1047 472 1046 473 1046 474 1046 485 1039 488 1037 499 1039 542 1047 625 1048 626 1048 627 1048 628 1048 638 1042 639 1041 651 1042 691 1046 692 1046 693 1046 700 1043 707 1040 714 1043 722 1047 723 1047 724 1047 750 1044 784 1040 814 1045 815 1045 816 1045 817 1045 834 1040 845 1046 849 1048 850 1048 851 1048 869 1046 909 1042 954 1047 955 1047 956 1047 957 1047 967 1041 1083 1050 1085 1033 1084 1010 1028 1010 1024 1008 995 999 994 999 993 999 992 999 973 1007 969 1009 966 1007 953 998 952 998 951 998 950 998 949 998 931 1006 926 1008 839 1004 806 1003 805 1003 800 1003 778 1007 771 1003 771 1002 770 1002 769 1002 768 1002 767 1002 765 1003 747 1007 695 1002 694 1002 617 1006 604 999 601 998 600 998 599 998 587 999 512 1005 473 1004 455 996 450 994 449 994 448 994 435 995 391 1001 380 994 379 993 378 993 376 993 338 993 337 993 336 993 335 993 318 1003 305 993 304 993 303 993 262 992 262 1026"/></Shape>
	    <String CONTENT="Que les ſages experimentent toutes choſes a¬"
                    HPOS="261.0"
                    VPOS="992.0"
                    WIDTH="824.0"
                    HEIGHT="58.0"
                    WC="0.9904670552773909"></String>
          </TextLine>
          <TextLine ID="eSc_line_99ed5d45"
                    TAGREFS="LT8"
                    BASELINE="260 1073 1085 1082" 
                    HPOS="259.0"
                    VPOS="1042.0"
                    WIDTH="826.0"
                    HEIGHT="56.0">
            <Shape><Polygon POINTS="260 1073 259 1082 302 1091 303 1091 336 1084 351 1092 352 1092 353 1092 399 1087 410 1092 411 1092 412 1092 413 1092 414 1092 426 1085 474 1085 488 1093 489 1093 490 1093 530 1086 552 1094 553 1094 554 1094 555 1094 578 1088 621 1094 622 1094 658 1088 668 1095 669 1095 670 1095 671 1095 672 1095 685 1089 708 1095 709 1095 710 1095 711 1095 712 1095 722 1089 736 1096 737 1096 738 1096 739 1096 740 1096 751 1089 766 1096 767 1096 768 1096 856 1091 902 1098 903 1098 904 1098 917 1092 932 1096 933 1096 934 1096 960 1091 969 1098 970 1098 971 1098 972 1098 973 1098 991 1091 1033 1098 1034 1098 1084 1091 1085 1082 1085 1049 1001 1049 1000 1049 972 1055 944 1048 941 1048 940 1048 936 1048 901 1055 857 1050 856 1050 781 1053 743 1048 718 1045 717 1045 716 1045 704 1048 687 1052 666 1048 650 1045 649 1045 625 1048 598 1051 499 1048 410 1045 409 1045 375 1048 357 1049 354 1048 347 1042 346 1042 345 1042 344 1042 260 1047 260 1073"/></Shape>
	    <String CONTENT="uant que venir aux armes. Et pourtant les Iuifs"
                    HPOS="259.0"
                    VPOS="1042.0"
                    WIDTH="826.0"
                    HEIGHT="56.0"
                    WC="0.9937378066651364"></String>
          </TextLine>
          <TextLine ID="eSc_line_a04391b8"
                    TAGREFS="LT8"
                    BASELINE="258 1121 1084 1131" 
                    HPOS="258.0"
                    VPOS="1085.0"
                    WIDTH="826.0"
                    HEIGHT="62.0">
            <Shape><Polygon POINTS="258 1121 258 1136 302 1131 355 1138 362 1138 363 1138 373 1138 427 1134 435 1138 435 1140 436 1140 437 1140 438 1140 439 1140 441 1138 455 1133 497 1133 508 1140 509 1140 510 1140 511 1140 513 1140 562 1134 587 1141 588 1141 589 1141 590 1141 593 1141 642 1135 651 1142 652 1142 653 1142 654 1142 671 1142 833 1137 916 1138 928 1145 931 1146 932 1146 1008 1147 1009 1147 1010 1147 1011 1147 1013 1146 1021 1141 1082 1146 1084 1131 1083 1105 950 1104 948 1103 914 1092 913 1092 845 1092 844 1092 843 1092 827 1098 794 1091 793 1091 792 1091 775 1099 753 1090 752 1090 712 1090 711 1090 710 1090 709 1090 694 1100 693 1100 655 1100 654 1099 637 1089 636 1089 635 1089 634 1089 633 1089 632 1089 616 1099 615 1100 591 1100 583 1099 491 1087 490 1087 489 1087 488 1087 481 1092 442 1087 441 1087 440 1087 439 1087 426 1097 424 1097 323 1096 323 1095 308 1085 307 1085 306 1085 305 1085 258 1094 258 1121"/></Shape>
	    <String CONTENT="eſtans preſſez d’introduire l’idole de l’Empereur"
                    HPOS="258.0"
                    VPOS="1085.0"
                    WIDTH="826.0"
                    HEIGHT="62.0"
                    WC="0.99482304466014"></String>
          </TextLine>
          <TextLine ID="eSc_line_08749306"
                    TAGREFS="LT8"
                    BASELINE="259 1169 1084 1177" 
                    HPOS="258.0"
                    VPOS="1135.0"
                    WIDTH="826.0"
                    HEIGHT="61.0">
            <Shape><Polygon POINTS="259 1169 258 1179 294 1186 295 1186 346 1181 347 1181 348 1181 360 1190 361 1190 362 1190 363 1191 413 1191 413 1190 414 1190 431 1184 441 1190 442 1190 443 1190 444 1190 500 1185 531 1189 532 1189 558 1184 565 1183 570 1184 588 1190 589 1190 590 1190 639 1186 648 1192 649 1192 650 1192 651 1192 685 1186 692 1185 697 1186 710 1191 711 1191 712 1191 713 1191 725 1187 728 1186 732 1187 748 1191 749 1191 750 1191 751 1191 759 1187 762 1186 854 1186 860 1189 876 1195 877 1195 878 1195 912 1190 918 1189 928 1190 980 1196 982 1196 1004 1191 1019 1188 1041 1192 1069 1196 1070 1196 1071 1196 1083 1192 1084 1177 1083 1155 1054 1148 1053 1148 1052 1148 1037 1154 1036 1154 973 1154 972 1154 954 1142 953 1142 952 1142 951 1142 885 1153 880 1153 873 1153 832 1148 831 1148 785 1152 778 1152 777 1152 771 1147 770 1147 769 1147 768 1147 687 1151 672 1151 671 1151 650 1138 649 1138 648 1138 596 1149 569 1137 568 1137 567 1137 520 1144 473 1137 472 1137 471 1137 470 1137 457 1146 416 1136 415 1136 375 1146 362 1138 361 1138 307 1135 306 1135 305 1135 304 1135 293 1144 259 1146 259 1169"/></Shape>
	    <String CONTENT="au Temple, ſemblent bien auoir eu quelque iu¬"
                    HPOS="258.0"
                    VPOS="1135.0"
                    WIDTH="826.0"
                    HEIGHT="61.0"
                    WC="0.9992707716094122"></String>
          </TextLine>
          <TextLine ID="eSc_line_dd107828"
                    TAGREFS="LT8"
                    BASELINE="258 1219 1084 1227" 
                    HPOS="257.0"
                    VPOS="1184.0"
                    WIDTH="827.0"
                    HEIGHT="59.0">
            <Shape><Polygon POINTS="258 1219 257 1231 273 1236 274 1236 275 1236 276 1236 293 1232 305 1229 421 1229 432 1232 450 1236 451 1236 476 1232 486 1231 494 1233 518 1238 519 1238 546 1233 556 1231 574 1233 626 1239 627 1239 766 1235 776 1241 777 1241 778 1241 779 1241 827 1237 877 1242 878 1242 971 1236 980 1243 982 1243 983 1243 984 1243 1083 1235 1084 1227 1082 1198 887 1199 879 1194 872 1189 871 1189 870 1189 847 1189 846 1189 845 1189 828 1194 813 1198 806 1193 800 1189 799 1189 798 1189 779 1189 778 1189 777 1189 769 1193 761 1197 755 1192 749 1188 748 1188 747 1188 746 1188 728 1192 721 1193 711 1192 688 1188 687 1188 686 1188 685 1188 681 1191 673 1197 656 1197 647 1191 642 1187 641 1187 640 1187 639 1187 616 1190 575 1196 543 1189 527 1186 526 1186 506 1188 465 1194 439 1187 430 1185 429 1185 428 1185 414 1187 370 1194 305 1194 292 1185 291 1184 290 1184 289 1184 288 1184 258 1184 258 1219"/></Shape>
	    <String CONTENT="ſte occaſion d’en venir pluſtoſt iuſques aux ar¬"
                    HPOS="257.0"
                    VPOS="1184.0"
                    WIDTH="827.0"
                    HEIGHT="59.0"
                    WC="0.9957592996458212"></String>
          </TextLine>
          <TextLine ID="eSc_line_6b7b6a5e"
                    TAGREFS="LT8"
                    BASELINE="258 1266 1082 1273" 
                    HPOS="257.0"
                    VPOS="1233.0"
                    WIDTH="825.0"
                    HEIGHT="56.0">
            <Shape><Polygon POINTS="258 1266 257 1275 338 1282 339 1282 446 1278 465 1283 466 1283 467 1283 493 1278 546 1284 547 1284 605 1279 633 1285 634 1285 670 1280 682 1285 683 1285 684 1285 800 1282 847 1287 848 1287 961 1282 968 1288 969 1288 970 1288 971 1289 1049 1289 1049 1288 1081 1282 1082 1273 1081 1249 966 1249 964 1247 950 1238 949 1238 948 1238 922 1238 921 1238 920 1238 901 1247 900 1247 897 1246 871 1241 870 1241 810 1246 800 1246 798 1245 788 1237 787 1237 786 1237 785 1237 749 1245 743 1246 741 1245 730 1236 729 1236 728 1236 727 1236 726 1236 700 1244 654 1236 653 1236 652 1236 651 1236 639 1244 638 1244 637 1244 612 1235 611 1235 610 1235 609 1235 591 1243 565 1235 564 1235 563 1235 562 1235 542 1243 537 1245 514 1245 510 1242 494 1234 493 1234 492 1234 491 1234 471 1241 375 1233 374 1233 345 1234 344 1234 343 1234 333 1240 331 1241 258 1240 258 1266"/></Shape>
	    <String CONTENT="mes, ſuiuant le zele de Mathathias: ſi eſt-ce qu’¬"
                    HPOS="257.0"
                    VPOS="1233.0"
                    WIDTH="825.0"
                    HEIGHT="56.0"
                    WC="0.9855700528621674"></String>
          </TextLine>
          <TextLine ID="eSc_line_10c6de2a"
                    TAGREFS="LT8"
                    BASELINE="258 1314 1087 1324" 
                    HPOS="258.0"
                    VPOS="1278.0"
                    WIDTH="829.0"
                    HEIGHT="60.0">
            <Shape><Polygon POINTS="258 1314 258 1325 340 1324 355 1327 370 1330 371 1330 394 1328 418 1325 423 1328 427 1331 428 1331 429 1331 430 1331 463 1329 498 1326 502 1329 505 1332 506 1332 507 1332 508 1332 537 1330 572 1327 586 1331 591 1332 592 1332 593 1332 636 1331 715 1330 747 1333 767 1335 768 1335 788 1334 827 1331 860 1335 871 1336 872 1336 873 1336 877 1335 891 1332 929 1336 941 1337 942 1337 951 1336 994 1332 1085 1338 1087 1324 1086 1295 1061 1288 1060 1288 1035 1294 1019 1297 1007 1293 988 1286 987 1286 986 1286 985 1286 967 1293 955 1296 938 1292 912 1285 854 1285 853 1285 834 1289 817 1294 678 1294 671 1287 666 1282 665 1282 664 1282 663 1282 642 1286 617 1292 588 1286 587 1286 526 1290 516 1284 511 1280 510 1280 509 1280 462 1280 461 1280 460 1280 459 1280 456 1283 447 1288 396 1283 395 1283 349 1288 338 1281 334 1278 333 1278 332 1278 331 1278 258 1279 258 1314"/></Shape>
	    <String CONTENT="ils firent treſ-ſagement (comme auſſi Dieu benit"
                    HPOS="258.0"
                    VPOS="1278.0"
                    WIDTH="829.0"
                    HEIGHT="60.0"
                    WC="0.9998008360465368"></String>
          </TextLine>
          <TextLine ID="eSc_line_b7cb0216"
                    TAGREFS="LT8"
                    BASELINE="258 1361 1085 1372" 
                    HPOS="257.0"
                    VPOS="1325.0"
                    WIDTH="828.0"
                    HEIGHT="64.0">
            <Shape><Polygon POINTS="258 1361 257 1376 339 1373 364 1379 371 1380 372 1380 389 1379 422 1376 429 1379 435 1382 436 1382 514 1383 515 1383 516 1383 517 1383 520 1380 524 1378 540 1381 556 1383 557 1383 558 1383 559 1383 562 1381 570 1376 581 1381 588 1384 589 1384 590 1384 617 1381 657 1377 664 1382 668 1385 669 1385 670 1385 671 1385 735 1383 831 1379 930 1380 939 1385 945 1388 946 1388 947 1388 948 1388 957 1385 969 1381 1002 1381 1014 1386 1022 1389 1023 1389 1024 1389 1042 1386 1061 1383 1083 1386 1085 1372 1084 1345 985 1344 974 1342 919 1333 918 1333 917 1333 896 1339 877 1333 876 1333 875 1333 874 1333 862 1339 854 1343 823 1338 819 1338 818 1338 817 1338 816 1338 809 1342 801 1338 790 1332 789 1332 788 1332 757 1337 726 1341 703 1335 686 1331 685 1331 684 1331 683 1331 682 1331 676 1335 667 1341 652 1341 634 1334 624 1330 623 1330 588 1329 587 1329 586 1329 577 1332 558 1339 481 1339 470 1330 468 1328 467 1328 466 1328 423 1327 403 1327 402 1327 401 1327 400 1327 399 1328 383 1337 324 1331 323 1331 294 1336 280 1326 279 1326 278 1326 258 1325 258 1361"/></Shape>
	    <String CONTENT="leur conſeil) quand ils reſpondirent à Petronius"
                    HPOS="257.0"
                    VPOS="1325.0"
                    WIDTH="828.0"
                    HEIGHT="64.0"
                    WC="0.9849676356023672"></String>
          </TextLine>
          <TextLine ID="eSc_line_bbf509ad"
                    TAGREFS="LT8"
                    BASELINE="264 1410 1086 1421" 
                    HPOS="263.0"
                    VPOS="1376.0"
                    WIDTH="823.0"
                    HEIGHT="61.0">
            <Shape><Polygon POINTS="264 1410 263 1419 288 1425 289 1425 332 1421 341 1428 341 1429 342 1429 343 1429 344 1429 407 1422 412 1422 415 1422 442 1430 443 1430 444 1430 481 1424 487 1423 498 1424 563 1432 564 1432 565 1432 586 1426 587 1426 588 1426 637 1433 638 1433 739 1429 785 1427 797 1430 806 1432 807 1432 808 1432 829 1430 862 1428 954 1429 963 1433 974 1437 975 1437 976 1437 1012 1434 1048 1431 1084 1435 1086 1421 1085 1392 939 1394 927 1388 921 1386 920 1386 919 1386 903 1388 881 1391 843 1387 815 1384 814 1384 813 1384 806 1386 788 1392 766 1385 758 1383 757 1383 756 1383 744 1385 713 1391 657 1383 639 1381 587 1381 586 1381 585 1381 584 1381 583 1382 572 1389 384 1381 383 1381 341 1386 264 1376 264 1410"/></Shape>
	    <String CONTENT="leur gouuerneur, Qu’ils ne combattroiẽt point"
                    HPOS="263.0"
                    VPOS="1376.0"
                    WIDTH="823.0"
                    HEIGHT="61.0"
                    WC="0.9919682974400728"></String>
          </TextLine>
          <TextLine ID="eSc_line_49cac26c"
                    TAGREFS="LT8"
                    BASELINE="260 1458 1086 1469" 
                    HPOS="259.0"
                    VPOS="1426.0"
                    WIDTH="827.0"
                    HEIGHT="58.0">
            <Shape><Polygon POINTS="260 1458 259 1466 277 1473 278 1473 279 1473 324 1469 332 1475 333 1475 334 1475 335 1475 389 1469 393 1469 394 1469 405 1475 406 1475 407 1475 449 1470 458 1470 463 1471 486 1477 487 1477 606 1478 607 1478 608 1478 622 1474 628 1473 642 1475 673 1479 674 1479 698 1476 708 1475 757 1477 814 1480 815 1480 826 1479 855 1475 912 1481 938 1483 939 1483 957 1482 1010 1477 1084 1484 1086 1469 1085 1436 1016 1444 987 1435 985 1435 984 1435 922 1434 921 1434 920 1434 916 1435 899 1441 892 1435 891 1434 890 1434 889 1434 860 1433 859 1433 842 1435 802 1441 764 1441 756 1435 753 1433 752 1433 751 1433 750 1433 749 1433 745 1435 733 1440 489 1438 482 1434 474 1430 473 1430 472 1430 448 1434 436 1436 430 1434 411 1427 410 1427 409 1427 373 1434 370 1434 349 1434 316 1433 303 1426 302 1426 300 1426 299 1426 285 1434 260 1434 260 1458"/></Shape>
	    <String CONTENT="contre lui: mais qu’eux viuans ne ſouffriroient"
                    HPOS="259.0"
                    VPOS="1426.0"
                    WIDTH="827.0"
                    HEIGHT="58.0"
                    WC="0.9870495403066595"></String>
          </TextLine>
          <TextLine ID="eSc_line_b1ad6a44"
                    TAGREFS="LT8"
                    BASELINE="258 1507 1086 1516" 
                    HPOS="257.0"
                    VPOS="1475.0"
                    WIDTH="829.0"
                    HEIGHT="57.0">
            <Shape><Polygon POINTS="258 1507 257 1516 363 1518 372 1526 373 1526 374 1526 375 1526 485 1521 490 1521 491 1521 512 1527 513 1527 514 1527 582 1522 591 1522 595 1522 620 1527 621 1527 765 1525 783 1525 787 1525 823 1531 824 1531 891 1527 908 1526 918 1527 950 1532 951 1532 1085 1529 1086 1516 1086 1490 1063 1481 1062 1481 1061 1481 1026 1488 993 1481 992 1481 991 1481 971 1488 971 1489 932 1489 931 1488 901 1479 900 1479 899 1479 851 1487 849 1487 767 1487 766 1486 753 1478 752 1478 751 1478 750 1478 749 1478 727 1486 725 1486 723 1486 688 1478 687 1478 686 1478 671 1485 671 1486 645 1486 644 1485 626 1476 625 1476 624 1476 623 1476 610 1483 599 1476 598 1476 597 1476 596 1476 595 1476 566 1483 534 1476 533 1476 532 1476 531 1476 522 1482 513 1475 512 1475 511 1475 510 1475 410 1477 409 1477 399 1482 398 1483 352 1483 350 1482 341 1476 340 1476 339 1476 338 1476 337 1476 336 1476 329 1481 258 1481 258 1507"/></Shape>
	    <String CONTENT="iamais que l’idole fuſt introduite au Temple de"
                    HPOS="257.0"
                    VPOS="1475.0"
                    WIDTH="829.0"
                    HEIGHT="57.0"
                    WC="0.9993579793483653"></String>
          </TextLine>
          <TextLine ID="eSc_line_5b054d76"
                    TAGREFS="LT8"
                    BASELINE="258 1555 1085 1565" 
                    HPOS="257.0"
                    VPOS="1517.0"
                    WIDTH="828.0"
                    HEIGHT="62.0">
            <Shape><Polygon POINTS="258 1555 257 1565 263 1569 264 1569 265 1569 266 1569 406 1566 429 1572 430 1572 506 1573 507 1573 582 1569 728 1575 729 1575 730 1575 745 1570 764 1576 765 1576 766 1576 822 1571 869 1577 870 1577 871 1577 884 1572 963 1578 964 1578 1010 1574 1030 1579 1031 1579 1032 1579 1084 1573 1085 1565 1084 1528 1017 1528 1016 1528 963 1537 894 1526 893 1526 892 1526 857 1536 800 1535 786 1525 785 1525 784 1525 766 1525 765 1525 764 1525 763 1525 747 1535 672 1535 640 1534 626 1523 625 1523 624 1523 600 1523 599 1523 598 1523 578 1533 511 1533 498 1521 497 1521 496 1521 495 1521 428 1531 388 1520 387 1520 386 1520 385 1520 384 1520 370 1530 341 1530 311 1518 310 1518 258 1517 258 1555"/></Shape>
	    <String CONTENT="Dieu. Au reſte, combien que les exactions d’Al"
                    HPOS="257.0"
                    VPOS="1517.0"
                    WIDTH="828.0"
                    HEIGHT="62.0"
                    WC="0.9974524003008137"></String>
          </TextLine>
          <TextLine ID="eSc_line_1df291b6"
                    TAGREFS="LT8"
                    BASELINE="257 1603 1085 1613" 
                    HPOS="256.0"
                    VPOS="1567.0"
                    WIDTH="829.0"
                    HEIGHT="59.0">
            <Shape><Polygon POINTS="257 1603 256 1613 278 1619 279 1619 280 1619 338 1615 345 1620 346 1620 347 1620 348 1620 486 1617 495 1617 498 1617 531 1622 532 1622 578 1618 583 1618 586 1618 612 1623 613 1623 661 1619 671 1619 689 1620 774 1625 775 1626 1084 1626 1085 1613 1085 1585 1061 1576 1060 1576 1059 1576 1058 1576 1038 1584 1036 1584 1003 1584 1002 1583 986 1575 985 1575 984 1575 934 1581 919 1583 897 1581 836 1573 835 1573 834 1573 819 1579 814 1582 760 1582 753 1577 746 1572 745 1572 744 1572 743 1572 705 1576 696 1577 683 1576 638 1571 637 1571 636 1571 629 1575 624 1577 618 1574 610 1571 609 1571 608 1571 590 1574 567 1578 544 1573 531 1570 530 1570 529 1570 521 1572 505 1578 446 1571 422 1568 421 1568 420 1568 414 1570 400 1575 382 1569 378 1568 376 1568 375 1568 374 1568 373 1568 372 1569 361 1576 287 1576 276 1567 275 1567 274 1567 257 1567 257 1603"/></Shape>
	    <String CONTENT="binus &amp; Florus leur baillaſſent iuſte occaſion de"
                    HPOS="256.0"
                    VPOS="1567.0"
                    WIDTH="829.0"
                    HEIGHT="59.0"
                    WC="0.9903538348723431"></String>
          </TextLine>
          <TextLine ID="eSc_line_c828bf94"
                    TAGREFS="LT8"
                    BASELINE="256 1651 1084 1661" 
                    HPOS="255.0"
                    VPOS="1618.0"
                    WIDTH="829.0"
                    HEIGHT="61.0">
            <Shape><Polygon POINTS="256 1651 255 1660 353 1662 353 1663 361 1668 362 1668 363 1668 364 1668 400 1663 406 1663 410 1664 434 1670 435 1670 436 1670 437 1670 453 1665 456 1664 468 1665 534 1672 535 1672 536 1672 553 1667 560 1665 566 1667 586 1675 587 1675 588 1675 589 1675 614 1668 622 1666 634 1668 669 1676 670 1676 771 1672 823 1669 851 1674 877 1677 878 1677 892 1674 914 1669 925 1675 933 1679 934 1679 935 1679 1001 1677 1070 1674 1081 1678 1084 1661 1083 1636 970 1635 969 1634 959 1626 958 1626 957 1626 934 1626 933 1626 932 1626 931 1626 919 1634 918 1634 911 1633 835 1624 797 1624 796 1624 795 1624 777 1632 776 1632 742 1632 742 1631 722 1623 721 1623 720 1623 666 1630 640 1622 639 1622 610 1622 609 1622 608 1622 607 1622 594 1630 584 1623 583 1623 582 1623 581 1623 580 1623 565 1629 516 1624 515 1624 373 1627 358 1627 357 1627 339 1618 338 1618 337 1618 336 1618 304 1626 303 1626 272 1621 271 1621 270 1621 256 1625 256 1651"/></Shape>
	    <String CONTENT="meſcontentement, &amp; qu’il y euſt ie ne ſçai quoi"
                    HPOS="255.0"
                    VPOS="1618.0"
                    WIDTH="829.0"
                    HEIGHT="61.0"
                    WC="0.9965178035199642"></String>
          </TextLine>
          <TextLine ID="eSc_line_739fcdc8"
                    TAGREFS="LT8"
                    BASELINE="257 1699 1083 1709" 
                    HPOS="256.0"
                    VPOS="1661.0"
                    WIDTH="827.0"
                    HEIGHT="71.0">
            <Shape><Polygon POINTS="257 1699 256 1715 383 1715 399 1719 420 1725 421 1725 422 1725 454 1720 482 1716 501 1721 514 1725 515 1725 516 1725 537 1722 562 1718 569 1723 574 1726 575 1726 576 1726 577 1726 578 1726 587 1723 595 1720 606 1723 617 1727 618 1727 619 1727 620 1727 632 1724 653 1718 733 1725 734 1725 826 1723 834 1728 835 1728 836 1728 837 1728 844 1728 915 1721 931 1728 932 1728 933 1728 934 1728 947 1723 956 1730 957 1731 958 1731 959 1731 1043 1732 1044 1732 1045 1732 1046 1732 1060 1727 1080 1732 1083 1709 1083 1683 1065 1672 1064 1672 1063 1672 1026 1672 1025 1672 1024 1672 1023 1672 1014 1678 998 1670 997 1670 996 1670 995 1670 994 1670 977 1681 974 1682 838 1682 833 1677 822 1668 821 1668 820 1668 785 1668 784 1668 783 1668 771 1676 765 1679 695 1679 683 1673 674 1668 673 1668 672 1668 671 1668 670 1668 664 1673 654 1679 626 1679 616 1670 610 1666 609 1666 608 1666 607 1666 606 1666 595 1670 594 1670 593 1670 582 1665 581 1665 580 1665 579 1665 571 1669 557 1678 505 1678 477 1672 476 1672 436 1676 421 1665 418 1663 417 1663 416 1663 385 1663 384 1663 383 1663 382 1663 381 1664 373 1669 365 1664 365 1663 364 1663 363 1663 362 1663 358 1663 339 1667 304 1662 302 1662 300 1662 299 1662 298 1662 292 1667 257 1661 257 1699"/></Shape>
	    <String CONTENT="de la Religion meſlé en leurs affaires: touteſ-fois"
                    HPOS="256.0"
                    VPOS="1661.0"
                    WIDTH="827.0"
                    HEIGHT="71.0"
                    WC="0.9888349301539935"></String>
          </TextLine>
        </TextBlock>
        <TextBlock HPOS="91.0"
                   VPOS="390.0"
                   WIDTH="168.0"
                   HEIGHT="212.0"
                   ID="eSc_textblock_89cad7b2"
                   TAGREFS="BT2584">
          <Shape><Polygon POINTS="91 390 91 602 259 602 259 390"/></Shape>
          <TextLine ID="eSc_line_9aeabc5f"
                    TAGREFS="LT8"
                    BASELINE="94 435 255 433" 
                    HPOS="91.0"
                    VPOS="390.0"
                    WIDTH="163.0"
                    HEIGHT="56.0">
            <Shape><Polygon POINTS="197 390 191 390 165 395 141 399 91 392 92 434 92 445 251 446 254 431 251 401 216 401 214 398 205 390 197 390"/></Shape>
	    <String CONTENT="Tout Prince"
                    HPOS="91.0"
                    VPOS="390.0"
                    WIDTH="163.0"
                    HEIGHT="56.0"
                    WC="0.9753657687794078"></String>
          </TextLine>
          <TextLine ID="eSc_line_9f8865c1"
                    TAGREFS="LT8"
                    BASELINE="95 473 133 475 216 473" 
                    HPOS="92.0"
                    VPOS="442.0"
                    WIDTH="122.0"
                    HEIGHT="47.0">
            <Shape><Polygon POINTS="94 472 94 489 213 489 214 472 211 445 92 442 94 472"/></Shape>
	    <String CONTENT="excedant"
                    HPOS="92.0"
                    VPOS="442.0"
                    WIDTH="122.0"
                    HEIGHT="47.0"
                    WC="0.9994602650403976"></String>
          </TextLine>
          <TextLine ID="eSc_line_d5cec3f3"
                    TAGREFS="LT8"
                    BASELINE="94 513 205 510" 
                    HPOS="91.0"
                    VPOS="477.0"
                    WIDTH="112.0"
                    HEIGHT="56.0">
            <Shape><Polygon POINTS="92 512 92 524 149 533 150 533 203 525 203 509 200 484 91 477 92 512"/></Shape>
	    <String CONTENT="n&#x27;eſt pas"
                    HPOS="91.0"
                    VPOS="477.0"
                    WIDTH="112.0"
                    HEIGHT="56.0"></String>
          </TextLine>
          <TextLine ID="eSc_line_cae3bdf4"
                    TAGREFS="LT8"
                    BASELINE="94 551 257 549" 
                    HPOS="91.0"
                    VPOS="519.0"
                    WIDTH="164.0"
                    HEIGHT="55.0">
            <Shape><Polygon POINTS="92 550 92 570 209 566 254 574 255 548 252 525 91 519 92 550"/></Shape>
	    <String CONTENT="pourtant ty"
                    HPOS="91.0"
                    VPOS="519.0"
                    WIDTH="164.0"
                    HEIGHT="55.0"
                    WC="0.9999745108864524"></String>
          </TextLine>
          <TextLine ID="eSc_line_75a89059"
                    TAGREFS="LT8"
                    BASELINE="96 594 145 591" 
                    HPOS="92.0"
                    VPOS="562.0"
                    WIDTH="54.0"
                    HEIGHT="58.0">
            <Shape><Polygon POINTS="95 592 97 620 146 620 144 589 141 566 92 562 95 592"/></Shape>
	    <String CONTENT="ran."
                    HPOS="92.0"
                    VPOS="562.0"
                    WIDTH="54.0"
                    HEIGHT="58.0"></String>
          </TextLine>
        </TextBlock>
        <TextBlock HPOS="87.0"
                   VPOS="749.0"
                   WIDTH="170.0"
                   HEIGHT="133.0"
                   ID="eSc_textblock_32b7c533"
                   TAGREFS="BT2584">
          <Shape><Polygon POINTS="87 749 87 882 257 882 257 749"/></Shape>
          <TextLine ID="eSc_line_ca529f01"
                    TAGREFS="LT8"
                    BASELINE="92 784 257 786" 
                    HPOS="89.0"
                    VPOS="750.0"
                    WIDTH="166.0"
                    HEIGHT="49.0">
            <Shape><Polygon POINTS="91 782 89 799 254 796 255 785 254 750 91 750 91 782"/></Shape>
	    <String CONTENT="Tout ce qui"
                    HPOS="89.0"
                    VPOS="750.0"
                    WIDTH="166.0"
                    HEIGHT="49.0"
                    WC="0.999855865131725"></String>
          </TextLine>
          <TextLine ID="eSc_line_f79a97a9"
                    TAGREFS="LT8"
                    BASELINE="91 823 235 824 255 827" 
                    HPOS="88.0"
                    VPOS="791.0"
                    WIDTH="166.0"
                    HEIGHT="48.0">
            <Shape><Polygon POINTS="89 822 88 834 251 839 254 826 244 798 89 791 89 822"/></Shape>
	    <String CONTENT="eſtlicite n’eſt"
                    HPOS="88.0"
                    VPOS="791.0"
                    WIDTH="166.0"
                    HEIGHT="48.0"
                    WC="0.9961113969484965"></String>
          </TextLine>
          <TextLine ID="eSc_line_4603c679"
                    TAGREFS="LT8"
                    BASELINE="91 864 253 865" 
                    HPOS="88.0"
                    VPOS="825.0"
                    WIDTH="164.0"
                    HEIGHT="70.0">
            <Shape><Polygon POINTS="88 895 251 883 252 864 249 831 103 834 92 825 89 863 88 895"/></Shape>
	    <String CONTENT="pas expediẽt"
                    HPOS="88.0"
                    VPOS="825.0"
                    WIDTH="164.0"
                    HEIGHT="70.0"></String>
          </TextLine>
        </TextBlock>
      </PrintSpace>
    </Page>
  </Layout>
</alto>
