1132 1824
442.0 149.0 40.0 44.0 45

43.0 182.0 826.0 59.0 Iuſtice & Pieté les Peuples que Dieu vous a tõ¬

44.0 230.0 827.0 58.0 mis, & rendiez voſtre deuoir mutuellement à le

44.0 276.0 826.0 62.0 ſus Chriſt, qui par ſa liberalité vous a eſtabli ſur

45.0 329.0 825.0 58.0 nous, en vous conduiſant en voſtre regne, &

48.0 377.0 820.0 52.0 vous humiliant deuant lui comme hõmes mor¬

47.0 424.0 823.0 53.0 tels, & vous addonnans à bonnes œuures. Pa¬

46.0 474.0 825.0 56.0 reillement, Qu’aucun de vous és cauſes crimi¬

46.0 519.0 825.0 56.0 nelles ne donne ſentence tout ſeul: mais la coul¬

48.0 568.0 823.0 66.0 pe des delinquans apparoiſſe par manifeſte iuge

46.0 620.0 827.0 56.0 ment, face approuuer à vn chacun ce que ceux

47.0 665.0 825.0 58.0 de la Iuſtice en auront iugé: Eſtant gardee par

50.0 715.0 823.0 56.0 vous telle meſure en cas de crimes, que vous ne

47.0 761.0 826.0 58.0 facies pluſtoſt valoir voſtre rigueur, que voſtre

47.0 809.0 827.0 59.0 miſericorde: A fin que ces choſes par la grace de

49.0 859.0 825.0 56.0 Dieu, eſtans gardees par vous, moiennant vne

48.0 903.0 825.0 60.0 ſainte attrempãce, les Rois ſ'eſiouiſſent de leurs

51.0 951.0 823.0 64.0 peuples, & les peuples de leurs Rois, & Dieu prẽ

50.0 1002.0 824.0 57.0 ne plaiſir en tous les deux. Au reſte nous pronõ¬

52.0 1048.0 823.0 59.0 çons ceſte ſentence quant aux Rois à venir, Si

53.0 1097.0 823.0 60.0 quelqu’vn d’entre eux au meſpris des loix par ſu

53.0 1142.0 822.0 61.0 perbe domination, & ſe faiſant fier de ſa Roialle

53.0 1194.0 823.0 57.0 grandeur, en villennies, & meſchans actes, ou

56.0 1240.0 820.0 62.0 par cupiditez deſbordees vſe de treſcruelle puiſ¬

54.0 1286.0 822.0 61.0 ſance ſur les peuples, Qu’il ſoit anathematizé de

56.0 1336.0 821.0 60.0 par leſus Chriſt noſtre Seigneur, & ſeparé de

56.0 1387.0 821.0 58.0 Dieu, & iugé pour auoir oſé mechamment faire

56.0 1431.0 823.0 59.0 & tourner ſa puiſſance de Roi en deſtruction de

56.0 1480.0 822.0 60.0 ſes ſubiets. Et quant à Semitalan, lequel pour

56.0 1528.0 824.0 59.0 crainte de ſes propres meffaits, ſ'eſt priué ſoimeſ¬

55.0 1574.0 824.0 63.0 me du Roiaume, & deſpouillé de ſa dignité &

58.0 1627.0 821.0 58.0 puiſſance. Voila ce que nous en ordonnons

59.0 1676.0 820.0 59.0 auec l’aduis de la Nation, c’eſt que iamais nous

660.0 1734.0 62.0 64.0 F 3
