1132 1824
667.0 145.0 40.0 46.0 36

278.0 171.0 817.0 69.0 leur ottroier qu’ils euſſent vn Roi d’entre les hõ

270.0 235.0 828.0 59.0 mes, à la façon des autres peuples. Cela leur fut

269.0 283.0 829.0 57.0 accordé finalement par le Seigneur, mais en ſon

270.0 335.0 827.0 54.0 ire & fureur, non pas que l’eſtat de Monarchie

268.0 381.0 829.0 55.0 ſoit de ſoi-meſmes condãné de Dieu: maispour¬

271.0 433.0 825.0 53.0 ce que ce changement venoit de la teſte du peu¬

271.0 477.0 826.0 57.0 ple. Ce pendant vne choſe ne ſe peut ni doit diſ¬

268.0 523.0 828.0 60.0 ſimuler, c’eſt à ſauoir que depuis que le monde

269.0 575.0 827.0 56.0 eſt monde, quand nous prendrons meſmes les

268.0 620.0 829.0 57.0 meilleurs Rois qui aient iamais eſté, il ne ſe trou

269.0 669.0 828.0 56.0 uera point de Roi qui n’ait abuſé de ſon eſtat: de

269.0 717.0 827.0 56.0 ſorte qu’il en faut reuenir à ce que les Philoſo¬

271.0 766.0 823.0 57.0 phes en ont bien ſçeu cognoiſtre par leur raiſon

269.0 814.0 827.0 57.0 naturelle, aſſauoir que le gouuernement Mo¬

268.0 860.0 827.0 63.0 narchique eſt pluſtoſt la ruine d’vn peuple, que

269.0 908.0 827.0 56.0 la conſeruation, ſ’il n’eſt bridé en telle ſorte que

270.0 957.0 825.0 58.0 le grand bien qui en peut venir, en puiſſe eſtre ti

271.0 1006.0 824.0 55.0 ré, & le merueilleux mal empeſché, qui ne peut

270.0 1049.0 824.0 60.0 faillir d’en ſortir ſans cela. I’vſe de ceſte preface

269.0 1100.0 826.0 58.0 eſtant entré en ce diſcours du gouuernement Iſ¬

270.0 1150.0 824.0 55.0 raëlitique, d’autant que les exemples de tout ce¬

270.0 1195.0 825.0 58.0 ci y ſont treſ-clairs & euidens, auſquels il ſeroit

270.0 1243.0 823.0 60.0 bõ que les Rois d’vn coſté, & les peuples de l’au

270.0 1292.0 823.0 59.0 tre prinſſent bien garde, à fin que les vns ne fuſ¬

270.0 1340.0 823.0 58.0 ſent ruinez par les autres. Mais que pluſtoſt le

270.0 1389.0 823.0 59.0 Seigneur, duquel depend la tranquilité, y feuſt

272.0 1439.0 820.0 57.0 beni, & tant ceux qui commandent, que ceux

271.0 1485.0 820.0 58.0 qui obeiſſent, ſe peuſſent maintenir à leur aiſe.

271.0 1535.0 820.0 57.0 Or pour reuenir à mon propos, le Seigneur iu¬

269.0 1581.0 823.0 56.0 ſtement irrité contre ſon Peuple, & lui voulant

271.0 1631.0 816.0 53.0 enſeigner ce qui lui deuoit aduenir de ce fol ap¬

274.0 1683.0 814.0 63.0 petit qui les menoit, leur predit par Samuel ce

83.0 150.0 187.0 88.0 1.Sam.8.4.11
