1132 1824
451.0 174.0 49.0 19.0 17

58.0 181.0 824.0 59.0 conſentement ſoit de tout vn peuple, ſoit de la

59.0 233.0 821.0 56.0 plus grande partie d’icelui, ou volontairement

56.0 283.0 824.0 54.0 preſté ou extorqué par paoeur ou violence, ne

56.0 328.0 824.0 61.0 doiue eſtre pluſtoſt reſcindé que gardé, ſ'il ap¬

58.0 378.0 822.0 54.0 pert que manifeſtement il contreuienne à tou¬

57.0 424.0 823.0 61.0 te equité & honneſteté. Car qui ſe perſuadera

59.0 476.0 820.0 53.0 qu’vn peuple ſciemment & ſans contrainte, ac¬

58.0 521.0 822.0 57.0 corde de ſ’aſubiettir à quelqu’vn en intention

58.0 566.0 822.0 58.0 d’en eſtre deſtruit & ſaccagé? Mais ſi faut-il en

58.0 618.0 820.0 56.0 tel cas prendre garde principalement à deux cho

59.0 665.0 817.0 56.0 ſes: Premierement, que rien ne ſ'entreprẽne te¬

57.0 715.0 820.0 59.0 merairemẽt, & puis que riẽ ne ſe face par tumul¬

59.0 764.0 819.0 55.0 te, mais par bon ordre & paiſiblement, autant

60.0 809.0 818.0 59.0 que faire ſe pourra, quand il ſera queſtion de re¬

60.0 858.0 818.0 56.0 ſcinder, ou amander ce qui aura eſté indiſcrete¬

56.0 901.0 818.0 65.0 ment aduoüé. L’eſtat preſent de la Chreſtienté

60.0 951.0 817.0 62.0 nous fournit de deux exemples ſur cela, & tous

59.0 1001.0 817.0 63.0 deux de grande conſequence. Le premiereſt, ce¬

60.0 1045.0 820.0 67.0 ſte du tout iniuſte & irreligieuſe ſubiection, par

60.0 1092.0 818.0 63.0 laquelle les Rois & Peuples ſe ſont par ſerment

61.0 1143.0 817.0 61.0 obligez à l’Antechriſt Romain: par lequel ſer¬

59.0 1190.0 815.0 68.0 ment ie di qu’ils ne ſont non plus adſtreints que

60.0 1238.0 820.0 59.0 ſ’ils ſ’eſtoient manifeſtement obligez à Satan lui

61.0 1289.0 813.0 55.0 meſmes en perſonne, de renuerſer tous droits

59.0 1333.0 820.0 59.0 diuins & humains. L’autre exemple, eſt de ce¬

56.0 1381.0 823.0 69.0 ſte iuriſdiction tẽporelle qu’on appelle, que les

65.0 1431.0 809.0 60.0 Prelats eccleſiaſtiques ſe ſont attribuee: choſe

65.0 1485.0 814.0 50.0 directement repugnante aux mandemẽs & ex¬

62.0 1526.0 814.0 65.0 emples notoires de Chriſt & de ſes Apoſtres (cõ

63.0 1581.0 816.0 48.0 me entre autres S. Bernard leur a tãt & tant clai¬

63.0 1627.0 817.0 57.0 rement monſtré) & par conſequentnulle d’elle¬

64.0 1675.0 815.0 64.0 meſmes, d’autant que les Princes n’ont peu ſ’en

673.0 1745.0 9.0 47.0 C

887.0 915.0 168.0 48.0 L’obligatiõ

883.0 953.0 180.0 44.0 des Princes

880.0 991.0 182.0 48.0 enuers l’An¬

882.0 1029.0 179.0 54.0 techriſt, eſt

888.0 1068.0 93.0 55.0 nulle.

882.0 1318.0 179.0 47.0 La iuriſdicti

887.0 1360.0 179.0 44.0 on tempo¬

885.0 1398.0 181.0 53.0 relle des Ec¬

883.0 1439.0 188.0 52.0 cleſiaſtiques

887.0 1475.0 184.0 55.0 eſt abuſiue.
