1132 1824
666.0 161.0 38.0 45.0 34

273.0 195.0 825.0 56.0 qu’eſt-ce autre choſe de Tyrannie, qu’vne pu¬

270.0 246.0 831.0 46.0 iſſance exercee contre les loix, de l’eſtendue

272.0 290.0 829.0 57.0 de laquelle nous ne parlonspas, (comme auſſi la

273.0 339.0 826.0 52.0 cupidité & malice des Tyrans n’a point de bor¬

274.0 388.0 825.0 54.0 nes) ains de la puiſſance legitime des Rois, & au

274.0 436.0 823.0 55.0 tres Princes ſouuerains. Et voila quant aux Ro¬

276.0 491.0 142.0 44.0 mains.

299.0 532.0 799.0 53.0 Quant aux Atheniens, leur Democratie e¬

283.0 576.0 815.0 56.0 ſtant renuerſee & changee en Ariſtocratie, les

269.0 628.0 830.0 56.0 hiſtoires de leur temps teſmoignent qu’ils cree¬

274.0 678.0 827.0 53.0 rent premierement trente hommes, & puis dix

276.0 725.0 824.0 54.0 hommespour gouuerneurs: leſquels pour auoir

276.0 769.0 823.0 57.0 abuſé de leur auctorité, ils depoſerent & chaſti¬

275.0 820.0 823.0 54.0 erent puis apres, vſans de meſme droit à ce faire

276.0 869.0 492.0 55.0 duquel ils les auoient creez.

333.0 905.0 762.0 66.0 C’eſt choſe auſſi toute notoire que les Lace¬

283.0 957.0 807.0 61.0 demoniens eſliſoient tel Roi qu’il ſeur plaiſoit,

269.0 1011.0 828.0 56.0 de la famille des Heraclides. Ce que ſ'efforça de

273.0 1060.0 826.0 53.0 changer Lyſander, mais en vain, comme recite

276.0 1106.0 821.0 52.0 Plutarque. Puis le Roi eſtant eſleu à certaines

275.0 1153.0 822.0 55.0 conditions, ils auoient leurs Ephores eſtablis

278.0 1202.0 819.0 57.0 pour tenir en bride leurs Rois: de ſorte qu’ils en

277.0 1251.0 821.0 54.0 ont chaſſé les vns, & puni les autres capitalemẽt

275.0 1297.0 823.0 57.0 iuſques à ce qu’eſtans mis à mort par la trahiſon

278.0 1348.0 821.0 55.0 du tyran Cleomenes, Lacedemon perdit tout

277.0 1393.0 821.0 53.0 enſemble ſa domination, & ſa liberté. Et me ſou

278.0 1441.0 818.0 56.0 uient ſur ce point d’vn treſbeau paſſage de Xe¬

276.0 1487.0 819.0 62.0 nophon, parlant de la Republique des Lacede¬

276.0 1542.0 819.0 52.0 moniens en ces propres termes: Le Roi, & les

276.0 1587.0 819.0 51.0 Ephores ſ'obligent tous les mois par vn ſerment

275.0 1635.0 818.0 55.0 mutuel, aſſauoir les Ephores au nom de tous les

276.0 1682.0 817.0 66.0 Citoiens, & le Roi en ſon nom propre:lurant le

92.0 544.0 196.0 52.0 Exemple de

89.0 582.0 175.0 54.0 l'eſtat des A¬

91.0 628.0 148.0 51.0 theniens.

89.0 922.0 201.0 58.0 Exemple de

91.0 965.0 181.0 56.0 l'eſtat des La

92.0 1009.0 165.0 48.0 cedemoni¬

93.0 1055.0 64.0 51.0 ens.
