1132 1824
651.0 168.0 42.0 25.0 38

256.0 181.0 824.0 62.0 uid, ſi fallut-il qu’il feuſt eſleu du Peuple, qui en

258.0 231.0 821.0 55.0 cela ſelon ſon deuoir enſuiuit la volõté de Dieu.

261.0 280.0 820.0 57.0 Autant en aduint-il de Salomon eſleu de Dieu

259.0 333.0 823.0 55.0 premierement, & puis creé du Peuple pour la

258.0 381.0 825.0 51.0 deuxieme fois: & en general combiẽ que la cou

257.0 426.0 828.0 54.0 ronne par l’ordonnance de Dieu, fut hereditai¬

258.0 474.0 824.0 54.0 re en la maiſon de Dauid, ſi eſt-ce que le Peuple

259.0 522.0 822.0 51.0 comme ci deſſus nous l’auons dit, tandis qu’il a

259.0 567.0 823.0 58.0 eſté en ſa liberté, eſliſoit des enfans du Roi de¬

259.0 619.0 815.0 54.0 cedé, celui que bon lui ſembloit: & ceci auecq

259.0 666.0 823.0 55.0 double obligation, comme il ſe void nomme¬

260.0 713.0 821.0 55.0 ment en l’hiſtoire de Ioas. Car il y auoit vn ſer¬

260.0 760.0 820.0 60.0 ment ſolennel, par lequel le Roi & le Peuple ſ'o

260.0 809.0 821.0 54.0 bligeoient à Dieu, aſſauoir à l’obſeruation des

262.0 857.0 818.0 60.0 loix d’icelui tant eccleſiaſtiques, que politiques:

262.0 907.0 817.0 56.0 & puis vn autre ſerment mutuel entre le Roi &

262.0 953.0 817.0 56.0 le Peuple. Voire mais, dira quelqu’vn, Le Peu¬

263.0 1002.0 818.0 59.0 ple (c’eſt à dire, Les Eſtats de ce peuple) auoient

261.0 1049.0 819.0 59.0 ils auſſi droit de reprimer la perſonne qu’ils a¬

262.0 1099.0 821.0 51.0 uoient choiſie pour dominer, ſ’il ne faiſoit ſon

261.0 1146.0 821.0 58.0 deuoir? Ie di, qu’oui, & trouue de ceci quatre

263.0 1194.0 818.0 56.0 exemples: car ſi, comme il a eſté ci deſſus mon¬

262.0 1240.0 818.0 59.0 ſtré, il a eſté loiſible à Dauid de ſe defendre con¬

261.0 1289.0 822.0 58.0 tre la tyrannie de Saül, & à Lobna de ſe retirer

262.0 1337.0 821.0 53.0 de l’obeiſſance de Ioram (qui touteſ-fois n’ont

262.0 1384.0 821.0 64.0 eſté que Magiſtrats inferieurs) Ie conclu à bon

262.0 1433.0 822.0 59.0 droit, que les Eſtats du Roiaume ont eu droit de

264.0 1483.0 819.0 61.0 paſſer beaucoup plus outre. A ceci auſſi appar¬

265.0 1534.0 817.0 55.0 tient aucunement ce qui fut fait par les Eſtats,

265.0 1579.0 818.0 57.0 moiennant la prudence de Ioiada, contre Atha¬

267.0 1629.0 818.0 56.0 lia, qui auoit eſté conſtituee Roine, & qui auoit

258.0 1672.0 825.0 67.0 regné l’eſpace de ſix ans. L’exemple d’Amaſias

89.0 194.0 125.0 36.0 2.Sam.5.1

86.0 228.0 93.0 41.0 Dauid,

87.0 269.0 132.0 42.0 Salomon.

91.0 311.0 159.0 47.0 1.Chr.29.22.

89.0 717.0 65.0 33.0 Ioas.

88.0 745.0 160.0 47.0 2.Rois 11.15.

88.0 784.0 53.0 54.0 & 17

95.0 1651.0 114.0 39.0 Athalia.

95.0 1686.0 132.0 42.0 Amaſias.
