<?xml version="1.0" encoding="UTF-8"?>
<alto xmlns:xsi="http://www.w3.org/2001/XMLSchema-instance"
      xmlns="http://www.loc.gov/standards/alto/ns-v4#"
      xsi:schemaLocation="http://www.loc.gov/standards/alto/ns-v4# http://www.loc.gov/standards/alto/v4/alto-4-2.xsd">
  <Description>
    <MeasurementUnit>pixel</MeasurementUnit>
    <sourceImageInformation>
      <fileName>31_3ec3e_default.jpg</fileName>
      <fileIdentifier>mets//83_796e0_default.zip/31_3ec3e_default.jpg</fileIdentifier>
    </sourceImageInformation>
  </Description>
  <Tags>
    <OtherTag ID="BT7" LABEL="CustomZone" DESCRIPTION="block type CustomZone"/><OtherTag ID="BT8" LABEL="DamageZone" DESCRIPTION="block type DamageZone"/><OtherTag ID="BT9" LABEL="DigitizationArtefactZone" DESCRIPTION="block type DigitizationArtefactZone"/><OtherTag ID="BT10" LABEL="DropCapitalZone" DESCRIPTION="block type DropCapitalZone"/><OtherTag ID="BT11" LABEL="GraphicZone" DESCRIPTION="block type GraphicZone"/><OtherTag ID="BT12" LABEL="MainZone" DESCRIPTION="block type MainZone"/><OtherTag ID="BT13" LABEL="MarginTextZone" DESCRIPTION="block type MarginTextZone"/><OtherTag ID="BT14" LABEL="MusicZone" DESCRIPTION="block type MusicZone"/><OtherTag ID="BT15" LABEL="NumberingZone" DESCRIPTION="block type NumberingZone"/><OtherTag ID="BT17" LABEL="QuireMarksZone" DESCRIPTION="block type QuireMarksZone"/><OtherTag ID="BT18" LABEL="RunningTitleZone" DESCRIPTION="block type RunningTitleZone"/><OtherTag ID="BT19" LABEL="SealZone" DESCRIPTION="block type SealZone"/><OtherTag ID="BT20" LABEL="StampZone" DESCRIPTION="block type StampZone"/><OtherTag ID="BT21" LABEL="TableZone" DESCRIPTION="block type TableZone"/><OtherTag ID="BT22" LABEL="TitlePageZone" DESCRIPTION="block type TitlePageZone"/><OtherTag ID="BT2582" LABEL="MainZone-Head" DESCRIPTION="block type MainZone-Head"/><OtherTag ID="BT2583" LABEL="MainZone-P" DESCRIPTION="block type MainZone-P"/><OtherTag ID="BT2584" LABEL="MarginTextZone-Notes" DESCRIPTION="block type MarginTextZone-Notes"/><OtherTag ID="BT2585" LABEL="MainZone-Continued" DESCRIPTION="block type MainZone-Continued"/>
    <OtherTag ID="LT7" LABEL="CustomLine" DESCRIPTION="line type CustomLine"/><OtherTag ID="LT8" LABEL="DefaultLine" DESCRIPTION="line type DefaultLine"/><OtherTag ID="LT9" LABEL="DropCapitalLine" DESCRIPTION="line type DropCapitalLine"/><OtherTag ID="LT10" LABEL="HeadingLine" DESCRIPTION="line type HeadingLine"/><OtherTag ID="LT11" LABEL="InterlinearLine" DESCRIPTION="line type InterlinearLine"/><OtherTag ID="LT12" LABEL="MusicLine" DESCRIPTION="line type MusicLine"/>
  </Tags>
  <Layout>
    <Page WIDTH="1132"
          HEIGHT="1824"
          PHYSICAL_IMG_NR="31"
          ID="eSc_dummypage_">
      <PrintSpace HPOS="0"
                  VPOS="0"
                  WIDTH="1132"
                  HEIGHT="1824">
        <TextBlock HPOS="653.0"
                   VPOS="144.0"
                   WIDTH="53.0"
                   HEIGHT="44.0"
                   ID="eSc_textblock_9916c2ed"
                   TAGREFS="BT15">
          <Shape><Polygon POINTS="653 144 653 188 706 188 706 144"/></Shape>
          <TextLine ID="eSc_line_35b319a5"
                    TAGREFS="LT8"
                    BASELINE="663 175 698 172" 
                    HPOS="660.0"
                    VPOS="145.0"
                    WIDTH="38.0"
                    HEIGHT="44.0">
            <Shape><Polygon POINTS="691 145 681 145 670 145 660 145 663 175 665 189 686 183 697 186 698 172 694 145 691 145"/></Shape>
	    <String CONTENT="32"
                    HPOS="660.0"
                    VPOS="145.0"
                    WIDTH="38.0"
                    HEIGHT="44.0"
                    WC="0.9999932050704956"></String>
          </TextLine>
        </TextBlock>
        <TextBlock HPOS="258.0"
                   VPOS="191.0"
                   WIDTH="846.0"
                   HEIGHT="1552.0"
                   ID="eSc_textblock_bf7c6c6b"
                   TAGREFS="BT2585">
          <Shape><Polygon POINTS="258 195 285 1743 1104 1718 1097 191"/></Shape>
          <TextLine ID="eSc_line_ce987e12"
                    TAGREFS="LT8"
                    BASELINE="264 226 605 218 1092 216" 
                    HPOS="263.0"
                    VPOS="181.0"
                    WIDTH="829.0"
                    HEIGHT="60.0">
            <Shape><Polygon POINTS="1084 193 1074 185 1064 185 1053 185 1043 185 1033 184 1030 184 990 188 969 183 962 183 952 183 949 182 940 189 899 181 898 181 835 190 828 191 826 191 804 182 803 182 802 182 801 182 783 191 782 191 766 182 765 182 741 182 740 182 666 192 660 192 654 192 585 184 584 184 583 184 568 192 566 193 557 192 486 185 485 185 437 193 425 195 270 195 263 199 264 226 264 241 351 235 408 240 412 240 413 240 414 240 415 240 423 234 459 239 460 239 461 239 489 230 531 236 532 236 576 229 625 229 643 237 644 237 645 237 646 237 668 228 717 233 718 233 757 228 774 236 775 236 776 236 844 226 931 233 932 233 933 233 944 226 1033 225 1042 232 1043 232 1044 232 1045 232 1046 232 1063 224 1090 233 1092 216 1088 197 1084 193"/></Shape>
	    <String CONTENT="gnant que cela meſmes ne lui aduint finalement"
                    HPOS="263.0"
                    VPOS="181.0"
                    WIDTH="829.0"
                    HEIGHT="60.0"
                    WC="0.9915325628674548"></String>
          </TextLine>
          <TextLine ID="eSc_line_df051162"
                    TAGREFS="LT8"
                    BASELINE="264 274 1091 263" 
                    HPOS="263.0"
                    VPOS="231.0"
                    WIDTH="828.0"
                    HEIGHT="60.0">
            <Shape><Polygon POINTS="264 274 265 291 290 283 316 290 319 291 320 291 321 291 322 291 324 290 335 284 367 290 372 290 373 290 374 290 375 290 375 289 386 282 421 289 425 289 426 289 427 289 428 289 439 282 489 286 490 286 569 278 642 278 670 284 674 285 675 285 676 285 680 284 703 278 709 283 710 283 711 283 718 284 775 285 776 285 777 285 782 283 795 276 811 282 817 284 818 284 819 285 854 285 854 284 855 284 856 284 859 281 868 275 890 281 899 283 900 283 901 283 948 282 949 282 955 280 968 275 993 279 1012 282 1013 282 1014 282 1025 279 1043 273 1057 278 1064 281 1065 281 1066 281 1091 277 1091 263 1088 238 867 239 806 231 805 231 804 231 803 231 787 242 736 242 703 233 702 233 701 233 700 233 677 242 640 235 639 235 638 235 607 243 589 234 588 234 564 234 563 234 513 241 419 236 418 236 417 236 379 246 330 240 329 240 263 248 264 274"/></Shape>
	    <String CONTENT="auec perdition de biens, &amp; quelque ignominie"
                    HPOS="263.0"
                    VPOS="231.0"
                    WIDTH="828.0"
                    HEIGHT="60.0"
                    WC="0.9803915470838547"></String>
          </TextLine>
          <TextLine ID="eSc_line_c1660941"
                    TAGREFS="LT8"
                    BASELINE="265 323 647 315 1092 312" 
                    HPOS="264.0"
                    VPOS="274.0"
                    WIDTH="828.0"
                    HEIGHT="62.0">
            <Shape><Polygon POINTS="265 323 265 336 356 328 376 334 378 334 379 334 381 334 421 327 447 333 450 333 451 333 458 333 498 326 511 331 513 332 514 332 515 332 521 331 549 326 592 330 599 330 600 330 601 330 602 330 611 324 688 324 695 328 700 330 701 330 702 330 703 330 704 330 708 327 713 325 758 326 810 328 811 328 839 325 861 322 871 324 890 328 891 328 892 328 893 328 898 323 899 323 907 323 956 327 957 327 958 327 976 322 984 320 989 322 1002 326 1003 326 1004 326 1091 319 1092 312 1089 285 1043 285 1042 285 1027 274 1026 274 1025 274 1024 274 1023 274 986 285 952 275 951 275 950 275 949 275 928 287 867 287 801 289 790 289 718 289 694 278 693 278 692 278 691 278 650 289 620 279 619 279 589 279 588 279 587 279 586 279 575 289 562 280 561 280 560 280 559 280 527 286 517 280 516 280 515 280 514 280 513 280 496 286 458 281 457 281 456 281 455 281 441 291 420 282 419 282 383 282 382 282 381 282 364 290 352 282 351 282 350 282 349 282 348 282 347 282 330 294 299 290 298 290 264 295 265 323"/></Shape>
	    <String CONTENT="par deſſus, ſe deſmiſt volontairement du Con¬"
                    HPOS="264.0"
                    VPOS="274.0"
                    WIDTH="828.0"
                    HEIGHT="62.0"
                    WC="0.9919313549995422"></String>
          </TextLine>
          <TextLine ID="eSc_line_5fff4f35"
                    TAGREFS="LT8"
                    BASELINE="264 369 1094 360" 
                    HPOS="263.0"
                    VPOS="324.0"
                    WIDTH="831.0"
                    HEIGHT="57.0">
            <Shape><Polygon POINTS="264 369 264 381 1093 371 1094 360 1093 334 1066 324 1065 324 1013 324 1012 324 1011 324 1010 324 996 335 995 336 934 336 933 335 924 329 923 329 922 329 921 329 891 336 888 336 886 336 856 326 855 326 854 326 853 326 816 336 812 337 797 337 652 328 651 328 650 328 627 338 625 339 623 338 615 333 614 333 613 333 612 333 611 333 599 338 597 339 584 339 525 335 524 335 465 340 444 341 433 340 369 331 368 331 367 331 340 341 337 342 334 341 317 332 316 332 315 332 263 341 264 369"/></Shape>
	    <String CONTENT="ſulat. Ce neantmoins Collatin n’eſtoit accuſé de"
                    HPOS="263.0"
                    VPOS="324.0"
                    WIDTH="831.0"
                    HEIGHT="57.0"
                    WC="0.9931018121388494"></String>
          </TextLine>
          <TextLine ID="eSc_line_a82b0b67"
                    TAGREFS="LT8"
                    BASELINE="265 417 1093 407" 
                    HPOS="264.0"
                    VPOS="373.0"
                    WIDTH="829.0"
                    HEIGHT="55.0">
            <Shape><Polygon POINTS="265 417 265 428 1092 418 1093 407 1092 383 1072 375 1071 375 1070 375 1069 375 1055 383 994 383 974 373 973 373 972 373 925 385 855 385 821 375 820 375 819 375 818 375 785 385 763 375 762 375 761 375 722 383 678 376 677 376 616 385 596 377 595 377 594 377 593 377 573 384 535 378 534 378 489 389 430 384 429 384 428 384 414 390 400 384 399 384 398 384 397 384 381 390 363 383 362 383 321 382 320 382 319 382 318 382 303 392 264 392 265 417"/></Shape>
	    <String CONTENT="nul crime, ains ſeulemẽt le Peuple auoit le nom"
                    HPOS="264.0"
                    VPOS="373.0"
                    WIDTH="829.0"
                    HEIGHT="55.0"
                    WC="0.9966742470860481"></String>
          </TextLine>
          <TextLine ID="eSc_line_81e5126f"
                    TAGREFS="LT8"
                    BASELINE="266 466 1093 454" 
                    HPOS="265.0"
                    VPOS="417.0"
                    WIDTH="828.0"
                    HEIGHT="60.0">
            <Shape><Polygon POINTS="266 466 266 476 558 477 559 477 560 477 572 472 574 470 629 470 641 471 699 475 700 475 701 475 714 469 718 468 729 469 768 474 769 474 770 474 771 474 779 468 781 468 797 473 798 473 799 473 860 467 875 466 886 467 937 471 938 471 1005 465 1017 464 1024 464 1063 470 1064 470 1093 463 1093 454 1092 424 1082 417 1081 417 1080 417 1030 417 1029 417 1028 417 1027 417 1015 426 1013 428 996 428 995 427 983 418 982 418 980 418 956 418 955 418 954 418 923 428 922 428 920 428 893 419 892 419 891 419 890 419 870 428 839 420 838 420 837 420 836 420 817 429 802 420 801 420 800 420 799 420 798 420 797 420 780 430 779 431 757 431 757 430 736 421 735 421 734 421 733 421 704 431 687 422 686 422 642 422 641 422 640 422 611 432 586 428 585 428 584 428 565 433 564 434 448 435 414 436 374 436 341 426 340 426 339 426 302 433 291 427 290 427 289 427 288 427 287 427 265 436 266 466"/></Shape>
	    <String CONTENT="de Tarquinius pour ſuſpect, de la famille deſ¬"
                    HPOS="265.0"
                    VPOS="417.0"
                    WIDTH="828.0"
                    HEIGHT="60.0"
                    WC="0.9957013194975646"></String>
          </TextLine>
          <TextLine ID="eSc_line_1399b45e"
                    TAGREFS="LT8"
                    BASELINE="268 512 1095 504" 
                    HPOS="267.0"
                    VPOS="467.0"
                    WIDTH="828.0"
                    HEIGHT="60.0">
            <Shape><Polygon POINTS="268 512 268 527 432 527 432 526 456 525 550 518 566 524 568 524 569 524 570 524 574 524 598 518 606 523 607 523 608 523 609 523 611 523 649 518 664 523 669 524 670 524 671 524 672 524 673 524 674 523 684 517 730 521 731 521 802 515 923 520 952 521 953 521 960 520 980 515 987 520 988 520 989 520 990 520 991 520 992 519 1004 513 1093 518 1095 504 1092 477 1042 477 1021 467 1020 467 1019 467 1018 467 986 478 980 480 911 480 909 479 889 468 888 468 887 468 853 469 852 469 828 480 827 481 783 481 766 480 752 480 737 470 736 470 735 470 697 470 696 470 695 470 694 470 685 477 672 471 671 471 602 471 601 471 600 471 575 483 574 483 569 483 475 472 474 472 473 472 437 482 416 474 415 474 414 474 363 485 339 474 338 474 337 474 336 474 335 474 316 486 267 486 268 512"/></Shape>
	    <String CONTENT="quels eſtoit le Conſul Collatin. Il ſe peut donc"
                    HPOS="267.0"
                    VPOS="467.0"
                    WIDTH="828.0"
                    HEIGHT="60.0"
                    WC="0.993570680419604"></String>
          </TextLine>
          <TextLine ID="eSc_line_91ea6b87"
                    TAGREFS="LT8"
                    BASELINE="267 563 1093 551" 
                    HPOS="266.0"
                    VPOS="513.0"
                    WIDTH="827.0"
                    HEIGHT="63.0">
            <Shape><Polygon POINTS="267 563 267 571 408 575 409 575 431 570 436 569 441 570 465 576 466 576 467 576 468 576 482 569 486 568 491 569 507 574 508 574 509 574 548 569 556 568 557 569 564 574 565 574 566 574 610 575 611 575 612 575 626 570 678 574 680 574 681 574 694 567 699 565 708 567 722 571 723 571 724 571 725 571 726 571 731 567 734 564 778 564 790 566 815 572 816 572 817 572 840 566 852 563 885 565 909 567 910 567 911 567 915 565 923 562 932 565 947 570 948 570 949 570 950 570 963 565 970 562 979 565 996 569 997 569 998 569 1027 564 1040 562 1046 564 1057 568 1058 568 1059 568 1093 563 1093 551 1090 523 1000 523 970 513 969 513 968 513 967 513 966 513 952 525 951 526 927 526 925 525 892 514 891 514 890 514 889 514 888 514 870 526 869 527 790 527 789 527 774 516 773 516 772 516 747 516 746 516 745 516 710 528 695 517 694 517 693 517 678 517 677 517 627 518 626 518 625 518 607 530 606 530 599 530 508 520 507 520 448 533 446 533 444 533 424 526 423 526 422 526 421 526 401 532 388 522 387 522 386 522 385 522 384 522 383 522 365 534 344 534 312 523 311 523 310 523 309 523 266 535 267 563"/></Shape>
	    <String CONTENT="aiſemẽt recueillir, qu’à plus forte raiſon, le peu¬"
                    HPOS="266.0"
                    VPOS="513.0"
                    WIDTH="827.0"
                    HEIGHT="63.0"
                    WC="0.9849597575529566"></String>
          </TextLine>
          <TextLine ID="eSc_line_522047e6"
                    TAGREFS="LT8"
                    BASELINE="269 610 1094 600" 
                    HPOS="268.0"
                    VPOS="565.0"
                    WIDTH="826.0"
                    HEIGHT="61.0">
            <Shape><Polygon POINTS="269 610 269 626 303 619 316 624 317 624 318 624 393 617 475 623 476 623 477 623 498 618 534 622 535 622 536 622 549 616 581 622 582 622 583 622 584 622 617 617 624 622 625 622 626 622 627 622 628 622 630 622 647 617 663 621 664 621 665 621 666 621 667 621 676 614 726 613 788 618 789 618 790 618 791 618 800 612 862 612 886 618 890 619 891 619 892 619 945 618 946 618 947 617 959 611 1092 615 1094 600 1091 571 1053 574 1048 571 1040 565 1039 565 1038 565 1022 565 1021 565 1020 565 1019 565 1010 572 1007 573 947 573 825 572 824 572 808 575 798 577 789 575 757 568 756 568 755 568 730 576 724 578 703 577 651 573 650 573 627 578 622 579 621 578 615 573 614 573 613 573 568 570 567 570 519 580 516 580 515 580 495 571 494 571 493 571 374 572 373 572 372 572 357 582 297 573 296 573 295 573 268 583 269 610"/></Shape>
	    <String CONTENT="ple euſt vſé de ce droit, cas aduenant qu’vn Con"
                    HPOS="268.0"
                    VPOS="565.0"
                    WIDTH="826.0"
                    HEIGHT="61.0"
                    WC="0.9966589917941969"></String>
          </TextLine>
          <TextLine ID="eSc_line_766b78bc"
                    TAGREFS="LT8"
                    BASELINE="268 658 1094 648" 
                    HPOS="267.0"
                    VPOS="612.0"
                    WIDTH="827.0"
                    HEIGHT="59.0">
            <Shape><Polygon POINTS="268 658 268 666 348 671 349 671 471 665 501 671 502 671 503 671 521 664 539 670 540 670 541 670 565 665 595 670 596 670 645 663 712 668 713 668 771 661 824 661 834 667 835 667 836 667 837 667 884 660 1064 664 1065 664 1066 664 1094 656 1094 648 1091 613 1051 623 982 623 965 615 958 612 957 612 956 612 955 612 947 616 930 623 815 621 814 621 761 626 741 626 733 620 727 615 726 615 725 615 724 615 723 615 722 615 714 621 711 622 705 621 681 615 680 615 636 622 629 623 625 622 597 616 596 616 595 616 594 616 585 623 578 628 554 624 514 617 513 617 512 617 496 625 490 628 475 625 460 623 459 623 458 623 445 626 431 630 422 627 403 619 402 619 401 619 287 620 286 620 267 628 268 658"/></Shape>
	    <String CONTENT="ſul fuſt trouué coulpable de crime, combiẽ que"
                    HPOS="267.0"
                    VPOS="612.0"
                    WIDTH="827.0"
                    HEIGHT="59.0"
                    WC="0.9933339096605778"></String>
          </TextLine>
          <TextLine ID="eSc_line_8f87d00e"
                    TAGREFS="LT8"
                    BASELINE="270 706 1095 695" 
                    HPOS="269.0"
                    VPOS="663.0"
                    WIDTH="826.0"
                    HEIGHT="59.0">
            <Shape><Polygon POINTS="270 706 270 722 358 714 394 718 395 718 470 713 478 719 479 719 480 719 481 719 482 719 496 712 543 719 549 719 550 719 551 719 553 718 566 713 587 718 590 718 591 718 597 718 663 710 682 716 684 717 685 717 686 718 719 718 719 717 720 717 721 717 722 716 734 709 765 715 770 716 771 716 782 715 842 708 971 712 1005 713 1006 713 1016 712 1054 705 1067 711 1070 712 1071 712 1072 712 1095 710 1095 695 1092 671 966 671 946 666 945 666 944 666 943 666 942 666 933 672 932 673 898 673 897 672 870 663 869 663 868 663 821 673 819 673 818 673 796 664 795 664 794 664 753 673 749 674 738 674 645 666 644 666 509 675 468 679 430 679 425 676 410 670 409 670 386 670 385 670 384 670 383 670 371 677 368 679 364 677 354 670 353 670 352 670 351 670 350 670 327 677 316 680 269 678 270 706"/></Shape>
	    <String CONTENT="par les loix on attendiſt que tels officiers qui n’e"
                    HPOS="269.0"
                    VPOS="663.0"
                    WIDTH="826.0"
                    HEIGHT="59.0"
                    WC="0.9926571937707754"></String>
          </TextLine>
          <TextLine ID="eSc_line_ad627d7e"
                    TAGREFS="LT8"
                    BASELINE="268 753 1093 743" 
                    HPOS="267.0"
                    VPOS="710.0"
                    WIDTH="826.0"
                    HEIGHT="63.0">
            <Shape><Polygon POINTS="268 753 268 763 365 769 366 769 391 765 400 772 401 772 402 772 403 773 432 773 432 772 504 762 518 760 523 762 546 770 547 770 548 771 586 771 586 770 633 763 649 767 650 767 651 767 652 767 653 767 662 761 664 758 668 761 678 764 680 764 681 764 682 764 691 760 697 757 718 760 736 762 737 762 789 760 847 756 854 758 862 762 863 762 864 762 865 762 866 762 870 758 875 754 986 754 1003 757 1018 761 1019 761 1020 761 1033 757 1037 756 1038 757 1046 764 1047 764 1048 764 1049 764 1093 756 1093 743 1091 715 1014 710 1013 710 1012 710 989 716 985 717 980 716 962 711 961 711 960 711 959 711 943 717 936 719 931 717 921 712 920 712 873 712 872 712 842 718 827 721 818 719 801 713 800 713 799 713 798 713 797 713 788 719 784 722 715 722 705 720 676 714 675 714 674 714 673 714 664 721 660 723 636 721 593 718 592 718 591 718 590 718 584 722 580 724 550 723 451 717 450 717 449 717 436 724 434 725 427 724 391 720 390 720 355 725 343 727 333 726 285 719 284 719 283 719 267 725 268 753"/></Shape>
	    <String CONTENT="ſtoient qu’à temps, euſſent acheué leur temps"
                    HPOS="267.0"
                    VPOS="710.0"
                    WIDTH="826.0"
                    HEIGHT="63.0"
                    WC="0.9934998585822734"></String>
          </TextLine>
          <TextLine ID="eSc_line_aa5a8fd2"
                    TAGREFS="LT8"
                    BASELINE="269 801 1092 791" 
                    HPOS="268.0"
                    VPOS="757.0"
                    WIDTH="824.0"
                    HEIGHT="63.0">
            <Shape><Polygon POINTS="269 801 271 820 286 811 320 819 321 819 322 819 323 819 357 810 411 818 414 818 415 818 416 818 417 818 434 809 514 813 515 813 516 813 529 808 593 815 594 815 595 815 596 815 610 807 638 815 639 815 640 815 641 815 646 815 691 808 743 813 744 813 745 813 747 813 850 804 877 809 878 809 924 804 943 811 945 811 946 811 947 811 1091 808 1092 791 1090 763 1067 757 1066 757 1065 757 1052 763 1046 766 1041 763 1028 757 1027 757 1026 757 1025 757 1003 764 991 768 926 768 920 766 899 760 898 760 897 760 896 760 895 760 886 766 882 769 815 769 812 767 803 761 802 761 801 761 767 761 766 761 724 762 723 762 707 769 673 763 672 763 671 763 670 763 661 770 659 772 514 773 510 773 464 765 463 765 462 765 461 765 446 774 350 775 285 767 284 767 283 767 282 767 268 774 269 801"/></Shape>
	    <String CONTENT="deuãt qu’eſtre tirez en cauſe. I’accorde que puis"
                    HPOS="268.0"
                    VPOS="757.0"
                    WIDTH="824.0"
                    HEIGHT="63.0"
                    WC="0.9966270232200622"></String>
          </TextLine>
          <TextLine ID="eSc_line_54c6f05d"
                    TAGREFS="LT8"
                    BASELINE="270 850 1093 839" 
                    HPOS="269.0"
                    VPOS="805.0"
                    WIDTH="824.0"
                    HEIGHT="60.0">
            <Shape><Polygon POINTS="270 850 270 865 352 864 353 864 354 864 364 858 579 859 735 859 736 859 737 859 738 859 744 855 747 853 759 855 784 859 785 859 786 859 787 859 794 854 795 853 800 854 817 857 818 857 819 857 820 857 825 853 827 852 836 853 867 858 868 858 869 858 870 858 880 852 883 852 924 856 925 856 1012 849 1018 849 1021 849 1070 855 1071 855 1072 855 1093 847 1093 839 1091 813 1017 813 1006 805 1005 805 1004 805 1003 805 966 812 931 806 930 806 929 806 928 806 915 814 868 806 867 806 825 815 807 807 806 807 805 807 717 808 672 817 609 813 608 813 607 813 606 813 596 819 512 819 437 812 436 812 435 812 411 821 371 813 370 813 369 813 347 821 332 817 331 817 330 817 269 823 270 850"/></Shape>
	    <String CONTENT="apres les Decemvires, c’eſt à dire, les dix hom¬"
                    HPOS="269.0"
                    VPOS="805.0"
                    WIDTH="824.0"
                    HEIGHT="60.0"
                    WC="0.9861875139937109"></String>
          </TextLine>
          <TextLine ID="eSc_line_17634480"
                    TAGREFS="LT8"
                    BASELINE="271 897 1092 889" 
                    HPOS="270.0"
                    VPOS="853.0"
                    WIDTH="822.0"
                    HEIGHT="64.0">
            <Shape><Polygon POINTS="271 897 271 906 288 916 289 916 290 917 371 917 371 916 372 916 373 916 387 905 389 904 443 904 446 905 464 912 465 912 466 912 467 912 483 905 486 904 490 905 511 910 512 910 513 910 514 910 535 905 536 905 538 905 571 909 572 909 573 909 583 905 591 902 628 905 658 907 659 907 660 907 667 905 675 902 680 905 689 912 690 912 691 912 692 912 756 910 757 910 758 910 765 905 771 901 817 905 827 905 828 905 840 905 917 899 932 905 944 909 945 909 946 909 1001 908 1002 908 1010 905 1024 898 1050 904 1065 908 1066 908 1067 908 1091 904 1092 889 1091 863 1072 855 1071 855 992 853 991 853 990 853 969 863 947 854 946 854 917 854 916 854 915 854 892 864 820 864 785 855 784 855 783 855 757 856 756 856 755 856 740 865 703 861 702 861 650 866 600 857 599 857 598 857 572 868 521 868 505 859 504 859 503 859 502 859 501 859 489 867 474 862 473 862 472 862 414 868 399 859 398 859 397 859 374 859 373 859 372 859 353 869 303 864 302 864 270 870 271 897"/></Shape>
	    <String CONTENT="mes, furent creez ſans appel à autre Magiſtrat,"
                    HPOS="270.0"
                    VPOS="853.0"
                    WIDTH="822.0"
                    HEIGHT="64.0"
                    WC="0.9810279980301857"></String>
          </TextLine>
          <TextLine ID="eSc_line_d8ed171a"
                    TAGREFS="LT8"
                    BASELINE="271 946 1092 934" 
                    HPOS="270.0"
                    VPOS="901.0"
                    WIDTH="822.0"
                    HEIGHT="59.0">
            <Shape><Polygon POINTS="271 946 271 960 370 954 446 958 447 958 477 952 520 957 521 957 522 957 549 951 748 954 749 954 826 947 840 952 841 952 842 952 913 947 945 951 946 951 947 951 959 945 971 950 972 950 973 950 1049 945 1091 949 1092 934 1090 909 1023 901 1022 901 980 909 962 904 961 904 960 904 959 904 958 904 952 910 951 910 945 910 893 905 892 905 891 905 879 910 877 913 666 914 660 913 633 907 632 907 569 908 568 908 552 914 543 917 534 914 524 910 523 910 522 910 521 910 520 910 516 914 512 918 473 918 458 915 439 910 438 910 415 915 395 919 376 916 358 912 357 912 356 912 347 916 337 921 313 921 306 916 302 913 300 913 299 913 298 913 270 916 271 946"/></Shape>
	    <String CONTENT="mais c’eſtoit en telle ſorte qu’iceux commãdans"
                    HPOS="270.0"
                    VPOS="901.0"
                    WIDTH="822.0"
                    HEIGHT="59.0"
                    WC="0.9988978902498881"></String>
          </TextLine>
          <TextLine ID="eSc_line_90ce275f"
                    TAGREFS="LT8"
                    BASELINE="273 994 1093 982" 
                    HPOS="272.0"
                    VPOS="948.0"
                    WIDTH="821.0"
                    HEIGHT="62.0">
            <Shape><Polygon POINTS="273 994 273 1010 348 1001 413 1008 414 1008 415 1008 443 1000 450 1005 451 1005 453 1005 454 1005 455 1005 469 1000 502 1006 503 1006 562 999 617 1006 622 1006 623 1006 624 1006 625 1006 646 997 687 1002 688 1002 689 1002 697 998 711 1005 712 1005 713 1005 714 1005 729 1004 873 994 901 994 911 1000 912 1000 913 1000 914 1000 950 993 974 1001 975 1001 976 1001 977 1001 978 1001 999 995 1013 1001 1014 1001 1015 1001 1016 1001 1017 1001 1018 1001 1018 1000 1027 993 1041 999 1042 999 1043 1000 1092 1000 1093 982 1091 957 1025 952 1024 952 1023 952 1009 957 999 952 998 952 997 952 996 952 980 957 966 948 965 948 964 948 946 948 945 948 944 948 943 948 932 958 916 949 915 949 914 949 913 949 890 957 869 949 868 949 867 949 866 949 846 959 795 950 794 950 793 950 764 961 716 961 705 952 704 952 703 952 683 952 682 952 681 952 653 962 610 962 597 953 596 953 595 953 570 953 569 953 568 953 535 963 498 954 497 954 496 954 495 954 481 961 436 955 435 955 434 955 414 966 360 966 351 960 350 960 349 960 348 960 347 960 346 960 336 967 272 967 273 994"/></Shape>
	    <String CONTENT="par tour, il eſtoit licite d’appeller de la ſentence"
                    HPOS="272.0"
                    VPOS="948.0"
                    WIDTH="821.0"
                    HEIGHT="62.0"
                    WC="0.9979476756774462"></String>
          </TextLine>
          <TextLine ID="eSc_line_546ad849"
                    TAGREFS="LT8"
                    BASELINE="271 1041 1092 1029" 
                    HPOS="270.0"
                    VPOS="992.0"
                    WIDTH="822.0"
                    HEIGHT="64.0">
            <Shape><Polygon POINTS="271 1041 271 1051 356 1050 360 1051 373 1055 374 1055 375 1055 422 1051 441 1049 447 1050 467 1056 468 1056 469 1056 470 1056 484 1050 485 1050 489 1050 523 1055 524 1055 547 1050 560 1047 578 1050 596 1052 597 1052 598 1052 605 1049 614 1046 651 1049 665 1050 666 1050 673 1049 694 1045 753 1049 798 1051 799 1051 813 1048 839 1043 869 1048 884 1050 885 1050 904 1048 940 1043 980 1047 993 1048 994 1048 995 1048 999 1047 1024 1040 1091 1046 1092 1029 1088 992 1051 1004 986 1004 972 995 971 994 970 994 969 994 949 994 948 994 935 996 879 1006 851 998 842 996 841 996 840 996 839 996 831 999 809 1008 729 1008 713 1002 701 998 700 998 699 998 698 998 697 998 691 1003 683 1009 662 1009 653 1004 645 999 644 999 643 999 622 999 621 999 620 999 601 1005 588 1010 567 1006 558 1005 557 1005 556 1005 550 1007 537 1011 457 1011 455 1010 444 1002 443 1002 442 1002 402 1002 401 1002 400 1002 375 1012 372 1013 370 1012 356 1003 355 1003 354 1003 334 1003 333 1003 332 1003 315 1009 296 1004 295 1004 294 1004 293 1004 270 1013 271 1041"/></Shape>
	    <String CONTENT="de l’vn à l’autre: tant ſ’en faut que la puiſſance nõ"
                    HPOS="270.0"
                    VPOS="992.0"
                    WIDTH="822.0"
                    HEIGHT="64.0"
                    WC="0.9922104336998679"></String>
          </TextLine>
          <TextLine ID="eSc_line_d566ae09"
                    TAGREFS="LT8"
                    BASELINE="271 1090 1095 1079" 
                    HPOS="270.0"
                    VPOS="1043.0"
                    WIDTH="825.0"
                    HEIGHT="63.0">
            <Shape><Polygon POINTS="271 1090 271 1102 332 1099 342 1102 352 1106 353 1106 354 1106 355 1106 356 1106 361 1102 368 1098 421 1098 445 1100 494 1106 495 1106 496 1106 516 1099 527 1096 541 1099 569 1105 570 1105 571 1105 589 1098 597 1095 618 1098 639 1100 640 1100 641 1100 652 1097 663 1094 676 1097 705 1102 706 1102 707 1102 730 1096 741 1093 772 1095 856 1101 857 1101 893 1093 897 1092 900 1093 921 1099 922 1099 923 1099 924 1099 938 1094 998 1099 999 1099 1000 1099 1001 1099 1013 1091 1014 1090 1015 1091 1031 1098 1032 1098 1033 1099 1064 1099 1064 1098 1065 1098 1095 1089 1095 1079 1094 1054 1052 1043 1051 1043 1050 1043 1049 1043 1048 1043 1033 1052 977 1049 976 1049 948 1054 937 1055 925 1054 891 1049 890 1049 889 1049 888 1049 883 1054 881 1055 876 1054 849 1046 848 1046 847 1046 846 1046 829 1054 824 1056 755 1054 728 1053 727 1053 718 1054 678 1058 670 1054 668 1052 667 1052 666 1052 665 1052 664 1052 658 1054 641 1059 631 1054 626 1050 625 1050 624 1050 623 1050 622 1050 610 1054 591 1059 556 1054 531 1050 530 1050 502 1054 449 1061 428 1054 421 1051 420 1051 419 1051 400 1054 337 1064 310 1054 308 1053 307 1053 306 1053 270 1053 271 1090"/></Shape>
	    <String CONTENT="limitee de quelqu’vn ait iamais pleu au peuple"
                    HPOS="270.0"
                    VPOS="1043.0"
                    WIDTH="825.0"
                    HEIGHT="63.0"
                    WC="0.9985411180102307"></String>
          </TextLine>
          <TextLine ID="eSc_line_5c1b6b0d"
                    TAGREFS="LT8"
                    BASELINE="273 1137 1095 1127" 
                    HPOS="272.0"
                    VPOS="1095.0"
                    WIDTH="823.0"
                    HEIGHT="59.0">
            <Shape><Polygon POINTS="273 1137 274 1154 290 1146 362 1145 421 1151 436 1152 437 1152 438 1152 445 1150 463 1146 490 1149 507 1151 508 1151 509 1151 510 1151 513 1149 520 1143 532 1148 536 1150 537 1150 538 1150 539 1150 540 1150 543 1148 551 1143 579 1147 593 1149 594 1149 595 1149 605 1147 621 1142 646 1146 670 1149 671 1149 672 1149 686 1145 698 1141 731 1144 761 1146 762 1146 763 1146 773 1143 778 1141 782 1143 792 1147 793 1147 794 1147 795 1147 812 1142 818 1140 823 1142 835 1146 836 1146 837 1146 838 1146 839 1146 845 1141 848 1140 875 1140 976 1143 977 1143 978 1143 990 1137 1010 1145 1011 1145 1012 1145 1075 1137 1087 1142 1088 1142 1089 1142 1090 1142 1091 1142 1091 1141 1095 1135 1095 1127 1093 1100 1027 1095 1026 1095 1025 1095 1007 1100 998 1102 994 1100 985 1095 984 1095 983 1095 982 1095 968 1100 961 1103 895 1103 889 1100 887 1098 886 1098 885 1098 884 1098 856 1100 808 1104 790 1100 766 1095 765 1095 764 1095 751 1100 747 1102 729 1100 685 1096 684 1096 683 1096 668 1101 657 1104 653 1101 649 1097 648 1097 647 1097 618 1097 617 1097 599 1101 573 1107 562 1101 556 1098 555 1098 532 1098 531 1098 530 1098 529 1098 525 1101 516 1108 485 1108 449 1101 437 1099 436 1099 435 1099 429 1101 409 1110 353 1110 272 1102 273 1137"/></Shape>
	    <String CONTENT="Romain, lequel meſmesfinalement contraignit"
                    HPOS="272.0"
                    VPOS="1095.0"
                    WIDTH="823.0"
                    HEIGHT="59.0"
                    WC="0.9903237958287083"></String>
          </TextLine>
          <TextLine ID="eSc_line_da9d37d9"
                    TAGREFS="LT8"
                    BASELINE="273 1185 1092 1175" 
                    HPOS="272.0"
                    VPOS="1142.0"
                    WIDTH="820.0"
                    HEIGHT="58.0">
            <Shape><Polygon POINTS="273 1185 273 1200 308 1195 333 1200 334 1200 379 1194 439 1198 440 1198 441 1198 442 1198 450 1192 478 1198 479 1198 480 1198 482 1198 539 1190 565 1196 566 1196 567 1196 602 1189 652 1195 660 1196 661 1196 668 1195 706 1189 716 1194 718 1195 719 1195 720 1195 731 1194 801 1187 846 1191 847 1191 848 1191 849 1191 856 1185 967 1185 991 1190 1001 1192 1002 1192 1092 1188 1092 1175 1090 1149 964 1142 963 1142 962 1142 961 1142 952 1150 900 1150 860 1143 859 1143 796 1152 726 1152 715 1147 714 1147 713 1147 681 1153 669 1146 668 1146 667 1146 610 1146 609 1146 608 1146 591 1154 574 1147 573 1147 572 1147 571 1147 570 1147 559 1154 443 1151 442 1151 441 1151 432 1156 421 1149 420 1149 419 1149 354 1149 353 1149 272 1158 273 1185"/></Shape>
	    <String CONTENT="ces dix hommes de ſe demettre de leurs charges."
                    HPOS="272.0"
                    VPOS="1142.0"
                    WIDTH="820.0"
                    HEIGHT="58.0"
                    WC="0.9967584584621673"></String>
          </TextLine>
          <TextLine ID="eSc_line_a2ba5c6f"
                    TAGREFS="LT8"
                    BASELINE="276 1233 1095 1224" 
                    HPOS="275.0"
                    VPOS="1185.0"
                    WIDTH="820.0"
                    HEIGHT="66.0">
            <Shape><Polygon POINTS="276 1233 277 1249 291 1242 315 1248 321 1250 322 1250 323 1251 366 1251 366 1250 367 1250 378 1247 387 1245 392 1247 396 1249 397 1249 398 1249 399 1249 404 1247 422 1240 455 1246 465 1248 466 1248 467 1248 475 1246 493 1241 515 1245 531 1248 532 1248 533 1248 534 1248 538 1245 550 1238 618 1244 626 1244 627 1244 628 1244 629 1244 640 1238 672 1242 673 1242 674 1242 687 1237 731 1242 759 1245 760 1245 788 1241 812 1238 841 1240 863 1242 864 1242 865 1242 870 1240 878 1236 889 1240 903 1244 904 1244 906 1244 932 1239 956 1234 967 1238 968 1238 969 1238 971 1238 1049 1233 1057 1237 1064 1242 1065 1242 1066 1242 1067 1242 1095 1236 1095 1224 1093 1197 1039 1197 1038 1196 1021 1185 1020 1185 1019 1185 1018 1185 989 1186 988 1186 987 1186 973 1196 941 1186 940 1186 939 1186 938 1186 911 1196 903 1199 828 1199 823 1196 810 1189 809 1189 742 1188 741 1188 740 1188 739 1188 729 1195 721 1200 710 1195 701 1191 700 1191 699 1191 698 1191 697 1191 692 1195 685 1201 636 1201 624 1195 615 1190 614 1190 578 1190 577 1190 576 1190 562 1195 541 1202 498 1202 485 1194 481 1191 480 1191 479 1191 458 1191 457 1191 441 1194 405 1203 325 1204 304 1194 302 1193 300 1193 299 1193 275 1193 276 1233"/></Shape>
	    <String CONTENT="Et quant à la puiſſance du Dictateur, il eſt bien"
                    HPOS="275.0"
                    VPOS="1185.0"
                    WIDTH="820.0"
                    HEIGHT="66.0"
                    WC="0.9685344815254211"></String>
          </TextLine>
          <TextLine ID="eSc_line_f9ed5e64"
                    TAGREFS="LT8"
                    BASELINE="278 1280 1096 1270" 
                    HPOS="277.0"
                    VPOS="1239.0"
                    WIDTH="819.0"
                    HEIGHT="59.0">
            <Shape><Polygon POINTS="278 1280 278 1293 298 1296 299 1296 300 1296 309 1293 317 1289 320 1293 323 1295 324 1295 325 1295 326 1295 327 1295 335 1292 339 1290 343 1292 355 1298 356 1298 357 1298 400 1297 401 1297 402 1297 411 1290 415 1288 424 1290 439 1294 440 1294 479 1289 508 1286 514 1288 522 1293 523 1293 524 1293 525 1293 536 1288 545 1285 555 1288 576 1295 577 1295 578 1295 663 1286 677 1285 687 1285 757 1293 758 1293 759 1293 777 1284 780 1283 786 1284 828 1292 829 1292 831 1292 849 1283 853 1281 861 1282 888 1288 889 1288 1095 1278 1096 1270 1094 1248 1017 1248 1000 1239 999 1239 964 1239 963 1239 962 1239 931 1248 926 1250 891 1250 888 1248 876 1242 875 1242 874 1242 873 1242 855 1248 848 1250 828 1248 798 1245 797 1245 796 1245 795 1245 791 1248 789 1250 786 1248 781 1246 780 1246 779 1246 757 1248 732 1251 724 1248 715 1245 714 1245 713 1245 712 1245 704 1248 700 1250 697 1248 684 1243 683 1243 682 1243 629 1249 586 1253 540 1249 525 1248 524 1248 523 1248 519 1249 499 1254 481 1249 467 1245 466 1245 465 1245 444 1249 418 1255 400 1249 390 1246 389 1246 388 1246 387 1246 376 1249 356 1256 329 1256 318 1249 313 1247 312 1247 311 1247 277 1249 278 1280"/></Shape>
	    <String CONTENT="vrai qu’on n’en appelloit point: mais elle n’e¬"
                    HPOS="277.0"
                    VPOS="1239.0"
                    WIDTH="819.0"
                    HEIGHT="59.0"
                    WC="0.996641383526173"></String>
          </TextLine>
          <TextLine ID="eSc_line_dba423b6"
                    TAGREFS="LT8"
                    BASELINE="276 1329 1096 1320" 
                    HPOS="275.0"
                    VPOS="1284.0"
                    WIDTH="821.0"
                    HEIGHT="61.0">
            <Shape><Polygon POINTS="276 1329 276 1337 342 1345 343 1345 344 1345 365 1337 367 1337 375 1337 447 1344 448 1344 548 1343 549 1343 565 1337 571 1335 578 1337 592 1341 593 1341 594 1341 620 1337 641 1334 662 1337 677 1339 678 1339 680 1339 688 1337 700 1334 712 1337 730 1341 731 1341 732 1341 747 1337 763 1333 783 1337 795 1339 796 1339 809 1337 835 1332 963 1337 984 1337 985 1337 993 1337 1061 1330 1072 1337 1073 1337 1074 1337 1075 1337 1096 1336 1096 1320 1094 1294 1058 1294 1035 1284 1034 1284 1033 1284 1032 1284 1031 1284 1017 1294 1013 1294 984 1295 972 1294 913 1285 912 1285 888 1286 887 1286 886 1286 876 1294 874 1296 864 1294 822 1286 821 1286 820 1286 798 1295 791 1297 786 1295 779 1290 778 1290 777 1290 745 1295 718 1298 710 1295 697 1288 696 1288 695 1288 694 1288 678 1295 670 1298 658 1295 642 1290 641 1290 640 1290 622 1295 606 1299 589 1295 579 1293 578 1293 577 1293 576 1293 575 1293 572 1295 567 1300 492 1300 481 1296 470 1290 469 1290 468 1290 435 1296 401 1302 321 1302 313 1296 309 1293 308 1293 307 1293 306 1293 275 1296 276 1329"/></Shape>
	    <String CONTENT="ſtoit en vſage qu’en cas de neceſſité ſuruenante,"
                    HPOS="275.0"
                    VPOS="1284.0"
                    WIDTH="821.0"
                    HEIGHT="61.0"
                    WC="0.9903207504749298"></String>
          </TextLine>
          <TextLine ID="eSc_line_9fc7ba44"
                    TAGREFS="LT8"
                    BASELINE="278 1378 1097 1366" 
                    HPOS="277.0"
                    VPOS="1334.0"
                    WIDTH="820.0"
                    HEIGHT="61.0">
            <Shape><Polygon POINTS="278 1378 278 1386 312 1386 313 1386 328 1395 329 1395 330 1395 331 1395 369 1388 426 1394 427 1394 428 1394 429 1394 443 1384 445 1384 482 1391 483 1391 534 1383 536 1383 537 1383 573 1392 574 1392 575 1392 618 1382 619 1382 644 1387 645 1387 720 1380 728 1380 729 1380 749 1389 750 1389 751 1390 782 1390 782 1389 839 1381 872 1388 873 1388 874 1388 897 1379 919 1387 920 1387 921 1387 922 1387 951 1377 953 1377 964 1377 1003 1378 1020 1386 1021 1386 1022 1386 1023 1386 1047 1376 1048 1376 1082 1382 1083 1382 1084 1382 1097 1375 1097 1366 1093 1334 1079 1341 1053 1335 1052 1335 1051 1334 956 1334 955 1334 954 1334 953 1334 951 1336 939 1344 890 1344 878 1337 874 1335 873 1335 872 1335 841 1336 840 1336 839 1336 838 1337 827 1345 723 1346 709 1339 707 1338 706 1338 660 1338 659 1338 658 1338 657 1338 656 1340 646 1347 585 1343 584 1343 521 1348 511 1341 509 1340 508 1340 507 1340 506 1340 505 1340 498 1342 471 1350 328 1351 309 1344 306 1343 305 1343 304 1343 277 1344 278 1378"/></Shape>
	    <String CONTENT="&amp; que pour bien peu de temps, aſſauoir ſix mois"
                    HPOS="277.0"
                    VPOS="1334.0"
                    WIDTH="820.0"
                    HEIGHT="61.0"
                    WC="0.9991216317136237"></String>
          </TextLine>
          <TextLine ID="eSc_line_17872a21"
                    TAGREFS="LT8"
                    BASELINE="280 1425 1099 1414" 
                    HPOS="279.0"
                    VPOS="1379.0"
                    WIDTH="820.0"
                    HEIGHT="66.0">
            <Shape><Polygon POINTS="280 1425 280 1445 320 1435 348 1439 349 1439 380 1434 396 1441 398 1442 399 1442 400 1442 433 1441 434 1441 435 1441 436 1440 445 1434 484 1439 488 1439 489 1439 490 1439 491 1439 501 1433 533 1438 550 1440 551 1440 631 1439 632 1439 641 1435 653 1429 700 1429 707 1433 714 1438 715 1438 716 1438 717 1438 718 1438 732 1432 742 1428 751 1432 759 1435 760 1435 761 1435 762 1435 771 1431 780 1428 806 1430 846 1434 847 1434 896 1428 915 1426 932 1427 1022 1434 1023 1434 1099 1422 1099 1414 1097 1379 1058 1379 1057 1379 1055 1379 1053 1380 1035 1388 1014 1383 1013 1383 1012 1383 1011 1383 1010 1383 1001 1389 992 1384 991 1384 990 1384 989 1384 977 1390 875 1391 854 1385 845 1382 844 1382 809 1382 808 1382 807 1382 806 1382 806 1383 802 1386 799 1389 792 1386 782 1383 781 1383 780 1383 779 1383 770 1387 757 1393 726 1393 717 1388 708 1384 707 1384 706 1384 705 1384 689 1389 675 1393 666 1390 653 1384 652 1384 651 1384 604 1391 576 1395 554 1392 503 1386 502 1386 501 1386 500 1386 488 1394 486 1395 480 1394 434 1387 433 1387 432 1387 405 1396 403 1397 400 1396 376 1388 375 1388 374 1388 373 1388 372 1388 359 1397 359 1398 279 1399 280 1425"/></Shape>
	    <String CONTENT="pour le plus. Et qui pl’ eſt, ceſte ſouueraine puiſ¬"
                    HPOS="279.0"
                    VPOS="1379.0"
                    WIDTH="820.0"
                    HEIGHT="66.0"
                    WC="0.9966221509071497"></String>
          </TextLine>
          <TextLine ID="eSc_line_d63a6f62"
                    TAGREFS="LT8"
                    BASELINE="280 1474 1099 1463" 
                    HPOS="279.0"
                    VPOS="1428.0"
                    WIDTH="820.0"
                    HEIGHT="63.0">
            <Shape><Polygon POINTS="280 1474 280 1487 302 1485 306 1487 314 1491 315 1491 316 1491 317 1491 325 1487 331 1484 360 1484 372 1486 396 1491 397 1491 398 1491 399 1491 406 1486 408 1485 411 1486 426 1491 427 1491 428 1491 483 1485 520 1481 568 1484 604 1486 605 1486 606 1486 613 1483 623 1479 677 1479 684 1483 689 1487 690 1487 691 1487 692 1488 725 1488 725 1487 769 1482 806 1476 884 1476 898 1480 912 1484 913 1484 914 1484 960 1483 961 1483 968 1479 976 1475 983 1479 991 1483 992 1483 993 1483 994 1483 1006 1479 1010 1477 1013 1479 1019 1483 1020 1483 1021 1483 1022 1483 1099 1477 1099 1463 1097 1428 1076 1428 1075 1428 1074 1428 1073 1428 1063 1435 974 1430 952 1429 951 1429 950 1429 949 1429 948 1430 938 1437 891 1432 875 1430 874 1430 873 1430 866 1432 847 1438 816 1433 801 1431 800 1431 773 1434 720 1440 600 1437 570 1437 569 1437 562 1438 544 1442 527 1439 507 1435 506 1435 505 1435 504 1435 499 1439 494 1444 481 1440 471 1437 470 1437 469 1437 440 1441 411 1446 333 1446 325 1444 317 1440 316 1440 315 1440 314 1440 307 1444 304 1446 302 1444 295 1439 294 1439 293 1439 292 1439 291 1439 279 1444 280 1474"/></Shape>
	    <String CONTENT="ſance, quand on en a appellé au Peuple, ſ’y eſt"
                    HPOS="279.0"
                    VPOS="1428.0"
                    WIDTH="820.0"
                    HEIGHT="63.0"
                    WC="0.991397583236297"></String>
          </TextLine>
          <TextLine ID="eSc_line_6d769beb"
                    TAGREFS="LT8"
                    BASELINE="280 1522 1099 1511" 
                    HPOS="279.0"
                    VPOS="1478.0"
                    WIDTH="820.0"
                    HEIGHT="59.0">
            <Shape><Polygon POINTS="280 1522 280 1534 395 1530 410 1533 420 1535 421 1535 446 1533 483 1529 498 1532 516 1536 517 1536 539 1532 556 1528 560 1531 566 1536 567 1536 568 1536 569 1537 587 1537 587 1536 588 1536 589 1536 595 1531 600 1528 619 1531 629 1532 630 1532 631 1532 632 1532 633 1531 639 1527 691 1530 761 1534 762 1534 763 1534 781 1529 797 1525 813 1529 834 1533 835 1533 836 1533 845 1528 853 1524 886 1524 891 1528 896 1532 897 1532 898 1532 899 1532 957 1531 958 1531 959 1531 964 1527 969 1523 976 1527 984 1530 985 1530 986 1530 1003 1527 1023 1522 1037 1526 1047 1529 1048 1529 1049 1529 1099 1525 1099 1511 1097 1478 1017 1478 1016 1478 1015 1478 1011 1479 993 1488 931 1489 876 1489 862 1483 854 1480 853 1480 852 1480 851 1480 840 1483 822 1490 750 1490 722 1486 690 1482 689 1482 663 1488 647 1491 624 1489 592 1485 591 1485 590 1485 589 1485 582 1490 578 1492 569 1490 558 1487 557 1487 556 1487 537 1491 523 1493 483 1493 482 1492 473 1485 472 1485 471 1485 470 1485 362 1486 361 1486 338 1495 337 1495 304 1491 303 1491 279 1496 280 1522"/></Shape>
	    <String CONTENT="condeſcẽdue, comme il appert de ce qui aduint"
                    HPOS="279.0"
                    VPOS="1478.0"
                    WIDTH="820.0"
                    HEIGHT="59.0"
                    WC="0.9970657048018082"></String>
          </TextLine>
          <TextLine ID="eSc_line_c066bbd3"
                    TAGREFS="LT8"
                    BASELINE="289 1570 416 1567 1098 1559" 
                    HPOS="286.0"
                    VPOS="1521.0"
                    WIDTH="811.0"
                    HEIGHT="65.0">
            <Shape><Polygon POINTS="287 1568 287 1579 409 1586 422 1579 526 1585 550 1577 1097 1577 1097 1558 1092 1527 969 1530 958 1523 953 1523 902 1532 847 1521 838 1529 780 1523 769 1535 704 1535 678 1523 626 1535 611 1524 573 1532 546 1524 480 1536 430 1526 410 1538 286 1529 287 1568"/></Shape>
	    <String CONTENT="à Rome l’an de la fondation d’icelle. 429. entre"
                    HPOS="286.0"
                    VPOS="1521.0"
                    WIDTH="811.0"
                    HEIGHT="65.0"
                    WC="0.9888984086562176"></String>
          </TextLine>
          <TextLine ID="eSc_line_4419968d"
                    TAGREFS="LT8"
                    BASELINE="291 1615 401 1616 1099 1607" 
                    HPOS="290.0"
                    VPOS="1568.0"
                    WIDTH="808.0"
                    HEIGHT="69.0">
            <Shape><Polygon POINTS="290 1632 427 1635 436 1626 468 1626 534 1637 591 1624 605 1632 619 1635 628 1624 672 1623 696 1635 759 1635 922 1620 938 1630 946 1630 963 1620 1042 1629 1065 1618 1095 1629 1098 1606 1095 1579 1031 1568 1008 1577 976 1568 963 1579 824 1570 774 1583 709 1583 674 1571 657 1582 634 1573 611 1585 532 1585 505 1574 435 1574 409 1586 387 1576 381 1576 365 1588 321 1588 290 1576 290 1632"/></Shape>
	    <String CONTENT="Papirius Dictateur, &amp; Quintus Fabius. Si nous"
                    HPOS="290.0"
                    VPOS="1568.0"
                    WIDTH="808.0"
                    HEIGHT="69.0"
                    WC="0.9901942623986139"></String>
          </TextLine>
          <TextLine ID="eSc_line_65962973"
                    TAGREFS="LT8"
                    BASELINE="293 1664 1097 1656" 
                    HPOS="290.0"
                    VPOS="1623.0"
                    WIDTH="805.0"
                    HEIGHT="62.0">
            <Shape><Polygon POINTS="292 1662 292 1685 372 1675 389 1685 445 1685 456 1675 492 1682 502 1673 626 1681 669 1671 718 1679 891 1670 926 1679 943 1679 1033 1668 1042 1678 1093 1676 1095 1655 1090 1626 677 1630 637 1623 608 1633 471 1633 447 1624 407 1633 371 1626 290 1632 292 1662"/></Shape>
	    <String CONTENT="paſſons plus outre; &amp; venons aux Empereurs,"
                    HPOS="290.0"
                    VPOS="1623.0"
                    WIDTH="805.0"
                    HEIGHT="62.0"
                    WC="0.999407077944556"></String>
          </TextLine>
          <TextLine ID="eSc_line_f1b2ca9a"
                    TAGREFS="LT8"
                    BASELINE="285 1718 492 1711 1098 1703" 
                    HPOS="284.0"
                    VPOS="1666.0"
                    WIDTH="814.0"
                    HEIGHT="79.0">
            <Shape><Polygon POINTS="285 1718 286 1745 319 1731 351 1729 387 1729 426 1742 427 1742 428 1743 480 1743 480 1742 481 1742 484 1741 513 1726 545 1726 575 1731 576 1731 577 1731 578 1731 585 1725 715 1724 735 1735 737 1737 738 1737 739 1737 740 1737 786 1734 881 1728 896 1732 909 1735 910 1735 911 1735 995 1734 996 1734 1007 1729 1016 1726 1028 1729 1046 1733 1047 1733 1048 1733 1059 1728 1068 1724 1096 1727 1098 1703 1096 1676 1039 1676 1000 1666 999 1666 979 1667 978 1667 977 1667 965 1677 925 1676 915 1668 914 1668 913 1668 912 1668 869 1674 818 1669 817 1669 816 1669 815 1669 802 1680 801 1681 737 1682 716 1682 715 1681 701 1672 700 1672 699 1672 698 1672 666 1674 665 1674 664 1674 652 1682 651 1682 649 1682 544 1674 543 1674 542 1674 522 1684 506 1677 505 1677 504 1677 503 1677 479 1685 477 1686 428 1686 421 1686 399 1677 398 1677 363 1677 362 1677 361 1677 348 1684 310 1680 309 1680 308 1680 284 1687 285 1718"/></Shape>
	    <String CONTENT="combien que Iules euſt occupé la Republique"
                    HPOS="284.0"
                    VPOS="1666.0"
                    WIDTH="814.0"
                    HEIGHT="79.0"
                    WC="0.9862066507339478"></String>
          </TextLine>
        </TextBlock>
        <TextBlock HPOS="1035.0"
                   VPOS="1723.0"
                   WIDTH="74.0"
                   HEIGHT="46.0"
                   ID="eSc_textblock_ff5aa59a"
                   TAGREFS="BT17">
          <Shape><Polygon POINTS="1035 1723 1035 1769 1109 1769 1109 1723"/></Shape>
          <TextLine ID="eSc_line_154bfbe9"
                    TAGREFS="LT8"
                    BASELINE="1037 1752 1097 1750" 
                    HPOS="1035.0"
                    VPOS="1720.0"
                    WIDTH="62.0"
                    HEIGHT="63.0">
            <Shape><Polygon POINTS="1037 1752 1037 1783 1097 1779 1097 1750 1094 1720 1035 1723 1037 1752"/></Shape>
	    <String CONTENT="par"
                    HPOS="1035.0"
                    VPOS="1720.0"
                    WIDTH="62.0"
                    HEIGHT="63.0"
                    WC="0.9993676145871481"></String>
          </TextLine>
        </TextBlock>
        <TextBlock HPOS="90.0"
                   VPOS="1545.0"
                   WIDTH="193.0"
                   HEIGHT="238.0"
                   ID="eSc_textblock_1f2fa987"
                   TAGREFS="BT2584">
          <Shape><Polygon POINTS="90 1545 90 1783 283 1783 283 1545"/></Shape>
          <TextLine ID="eSc_line_495c3d0d"
                    TAGREFS="LT8"
                    BASELINE="91 1575 277 1570" 
                    HPOS="88.0"
                    VPOS="1520.0"
                    WIDTH="188.0"
                    HEIGHT="71.0">
            <Shape><Polygon POINTS="89 1574 89 1591 275 1591 276 1568 273 1529 156 1520 155 1520 88 1533 89 1574"/></Shape>
	    <String CONTENT="Exemple de"
                    HPOS="88.0"
                    VPOS="1520.0"
                    WIDTH="188.0"
                    HEIGHT="71.0"
                    WC="0.9998245537281036"></String>
          </TextLine>
          <TextLine ID="eSc_line_4424894d"
                    TAGREFS="LT8"
                    BASELINE="92 1613 275 1615" 
                    HPOS="89.0"
                    VPOS="1576.0"
                    WIDTH="184.0"
                    HEIGHT="53.0">
            <Shape><Polygon POINTS="91 1612 89 1621 270 1629 273 1614 273 1586 254 1577 252 1577 251 1577 200 1582 162 1585 91 1576 91 1612"/></Shape>
	    <String CONTENT="l&#x27;eſtat des"
                    HPOS="89.0"
                    VPOS="1576.0"
                    WIDTH="184.0"
                    HEIGHT="53.0"
                    WC="0.9924894408746199"></String>
          </TextLine>
          <TextLine ID="eSc_line_186e14e5"
                    TAGREFS="LT8"
                    BASELINE="95 1652 243 1652" 
                    HPOS="95.0"
                    VPOS="1624.0"
                    WIDTH="148.0"
                    HEIGHT="43.0">
            <Shape><Polygon POINTS="95 1652 95 1665 145 1662 154 1664 166 1667 167 1667 168 1667 169 1667 182 1663 187 1662 194 1663 223 1667 224 1667 225 1667 243 1661 243 1652 241 1624 224 1630 95 1625 95 1652"/></Shape>
	    <String CONTENT="Romains"
                    HPOS="95.0"
                    VPOS="1624.0"
                    WIDTH="148.0"
                    HEIGHT="43.0"
                    WC="0.9998285259519305"></String>
          </TextLine>
          <TextLine ID="eSc_line_c3ccf12e"
                    TAGREFS="LT8"
                    BASELINE="95 1692 273 1689" 
                    HPOS="94.0"
                    VPOS="1658.0"
                    WIDTH="179.0"
                    HEIGHT="44.0">
            <Shape><Polygon POINTS="95 1692 95 1702 272 1702 273 1689 271 1663 232 1658 231 1658 230 1658 229 1658 229 1659 224 1662 219 1668 136 1669 125 1661 124 1661 123 1661 94 1661 95 1692"/></Shape>
	    <String CONTENT="durant les"
                    HPOS="94.0"
                    VPOS="1658.0"
                    WIDTH="179.0"
                    HEIGHT="44.0"
                    WC="0.9992632091045379"></String>
          </TextLine>
          <TextLine ID="eSc_line_1928d92d"
                    TAGREFS="LT8"
                    BASELINE="95 1731 270 1729" 
                    HPOS="94.0"
                    VPOS="1701.0"
                    WIDTH="176.0"
                    HEIGHT="51.0">
            <Shape><Polygon POINTS="95 1731 95 1742 108 1749 109 1749 110 1749 134 1743 136 1743 137 1744 145 1751 145 1752 146 1752 147 1752 148 1752 149 1752 173 1745 184 1742 203 1742 208 1746 212 1750 212 1751 213 1751 214 1751 215 1751 270 1748 270 1729 268 1709 210 1702 209 1702 208 1702 200 1706 196 1708 191 1705 182 1701 181 1701 180 1701 179 1701 178 1701 173 1705 167 1709 151 1704 149 1704 148 1704 147 1704 129 1708 123 1703 122 1702 122 1701 121 1701 120 1701 119 1701 94 1701 95 1731"/></Shape>
	    <String CONTENT="Empereurs."
                    HPOS="94.0"
                    VPOS="1701.0"
                    WIDTH="176.0"
                    HEIGHT="51.0"
                    WC="0.9994408011436462"></String>
          </TextLine>
          <TextLine ID="eSc_line_17d47666"
                    TAGREFS="LT8"
                    BASELINE="97 1772 186 1770" 
                    HPOS="97.0"
                    VPOS="1737.0"
                    WIDTH="89.0"
                    HEIGHT="59.0">
            <Shape><Polygon POINTS="97 1792 185 1796 186 1770 184 1750 154 1749 151 1745 143 1738 143 1737 142 1737 141 1737 140 1737 139 1737 123 1742 115 1744 97 1739 97 1772 97 1792"/></Shape>
	    <String CONTENT="Iulcs."
                    HPOS="97.0"
                    VPOS="1737.0"
                    WIDTH="89.0"
                    HEIGHT="59.0"
                    WC="0.9988625347614288"></String>
          </TextLine>
        </TextBlock>
      </PrintSpace>
    </Page>
  </Layout>
</alto>
