1132 1824
451 158 46 42 27

59 194 821 57 euiter la rage du Tyran: mais outre cela, d’autãt

60 245 819 53 qu’il n’eſtoit pas perſonne priuee, ains Officier

57 292 820 48 du Roiaume, aiant la conduite des armees d’Iſ¬

54 335 817 60 raël, outre ce qu’il auoit de par Dieu (ce que Sa¬

57 387 822 48 ul meſmes ſauoit) la promeſſe de la ſucceſſion du

57 434 821 55 Roiaume, il ſe fortifie d’armes & de gents de

61 487 815 52 guerre, apres auoir eſſaié tous autres moiens,

58 532 823 51 mais ſe contenant en ſes limites, tant ſ'en faut

59 574 803 59 qu’il ait attenté ſur la perſonne du Roi, que meſ

59 628 820 50 mes il lui ſauue la vie l’aiant entre ſes mains: ou

61 674 819 56 qu’il enuahiſſe le Roiaume, que meſmes apres

59 721 817 58 la mort du Roi, auquel il ſ'aſſeuroit de ſucceder,

62 767 815 67 il ne fait pas vn pas pour approcher du throne

61 817 817 58 Roial, que Dieu ne l’y pouſſe, & que le conſen¬

61 867 816 57 tement du peuple ne l’appelle. Ce neantmoins

60 913 814 59 il appert que ſon intention a eſté de ſe garantir,

62 963 817 55 voire meſmes par les armes, à l’ocaſion que deſ¬

61 1011 818 54 ſus. Car autrement, pourquoi ſe feuſt-il accom¬

62 1059 818 55 pagné de gents de guerre? Et ce qu’il ſ'enquiert

61 1104 819 55 de Dieu touchant les habitans de Ceïla, ſ'ils le li

62 1154 820 51 ureroient à Saül ou non, monſtre euidemment

64 1202 817 54 que ſon intention eſtoit d’oppoſer les murailles

63 1248 820 54 de ceſte ville-là, en ſe defendant contre Saül, ſ’il

62 1297 819 56 ſ’y fut trouué en ſeureté: Lequel fait ne peut e¬

62 1344 823 55 ſtre condamné ſans tenir Dauid pour vn ſediti¬

64 1394 820 55 eux & rebelle (ce qui n’eſt pas) & ſans reprendre

65 1439 819 59 la ſage Abigail comme menſongere, quand elle

65 1487 821 58 adit que Dauid iniuſtement aſſailli menoit les

67 1536 820 55 guerres de l’Eternel, c’eſt à dire, vſoit d’vne iuſte

65 1582 814 56 defenſe. Nous auons vn autre exemple treſ-e¬

67 1631 818 54 uident en la cité de Lobna, domicile aſſigné aux

70 1681 815 60 Sacrificateurs, qui ſe retira de l’obeiſſance de lo¬

663 1729 84 67 D 2

896 323 164 61 1. Sam.24.23

888 419 173 57 I. Sam.22.2

893 591 162 56 1.Sam.24.7

894 796 136 47 2.Sam.2.1

894 1001 163 59 1. Sam.23.5

893 1432 169 49 1. Sam.25.28

899 1571 161 62 2.Chr.22.10

894 1658 110 53 Lobna.
