1132 1824
645.0 150.0 39.0 38.0 12

243.0 180.0 858.0 63.0 ble de les admonneſter, voire meſmes en vn be¬

237.0 229.0 854.0 62.0 ſoin les reprendre franchement quand ils ſe four¬

237.0 279.0 856.0 61.0 uoient de leur office. Mais ſ'il eſt queſtion de re¬

238.0 325.0 849.0 71.0 primer ou meſmes chaſtier ſelon leurs demerites,

233.0 377.0 858.0 62.0 les tyrans tous manifeſtes, alors il y en a qui re¬

232.0 427.0 859.0 58.0 commandent tellement la patience & les prieres

232.0 473.0 859.0 59.0 à Dieu, qu’ils appellent ſeditieux, & condamnent

231.0 524.0 859.0 58.0 comme faux chreſtiens, tous ceux qui ne preſen¬

232.0 563.0 863.0 73.0 tent leur col. Ce paſſage eſt fort gliſſant, & pour¬

237.0 618.0 858.0 59.0 tant ie prie derechef les lecteurs ſe ſouuenir de ce

237.0 667.0 860.0 64.0 que i’ai dit vn peu au parauãt, à fin de ne tirer mau¬

238.0 714.0 855.0 67.0 uaiſe conſequẽce de ce que i’ai à dire ſur ce point.

234.0 753.0 856.0 69.0 Ie louë doncques la patience chreſtienne comme

231.0 809.0 854.0 62.0 treſ-recommendable entre toutes autres vertus,

237.0 852.0 853.0 70.0 & recognoi qu’il y faut ſongneuſement encoura¬

231.0 908.0 858.0 57.0 ger les hommes, comme eſtant celle qui emporte

231.0 954.0 857.0 60.0 le pris de la felicité eternelle. Ie deteſte les ſediti¬

231.0 998.0 859.0 66.0 ons & toute confuſion, comme monſtres horri¬

235.0 1044.0 855.0 71.0 bles: i’accorde que ſur tout en l’affliction, il nous

232.0 1096.0 855.0 63.0 faut dependre d’vn ſeul Dieu: Ie confeſſe que les

231.0 1151.0 856.0 55.0 prieres coniointes auec la repentance ſont les ne¬

230.0 1195.0 857.0 60.0 ceſſaires & propres remedes à repouſſer la tyran¬

228.0 1245.0 859.0 58.0 nie, attendu que c’eſt vn mal ou fleau enuoié de

230.0 1290.0 856.0 61.0 Dieu le plus ſouuent pour chaſtier les peuples:

229.0 1339.0 858.0 62.0 mais ie nie que pour tout cela il ne ſoit licite aux

230.0 1388.0 853.0 60.0 peuples oppreſſez d’vne tyrannie toute manifeſte,

228.0 1436.0 857.0 58.0 d’vſer de iuſtes remedes conioints auec la repen¬

225.0 1483.0 862.0 63.0 tance & les prieres: & voici les raiſons ſur leſquel¬

231.0 1531.0 289.0 52.0 les ie me fonde.

278.0 1576.0 808.0 62.0 Ce que i’aidit ci-deſſus de l’origine des Rois &

232.0 1624.0 855.0 70.0 autres Magiſtrats eſtant preſuppoſé, il ſ'enſuit que

235.0 1673.0 855.0 129.0 ceux-là ne ſont Rois legitimes qui par force ou par

86.0 180.0 143.0 47.0 int cõtrai

88.0 223.0 135.0 46.0 à la patiẽ¬

86.0 259.0 140.0 49.0 ni aux pri

86.0 304.0 136.0 57.0 es deschre

85.0 347.0 52.0 47.0 ens.

88.0 1556.0 138.0 55.0 us ſe doi¬

85.0 1594.0 135.0 52.0 nt oppo¬

88.0 1635.0 129.0 53.0 àceux qui

91.0 1682.0 132.0 116.0 lent vſur
