1132 1824
467.0 145.0 38.0 57.0 57

67.0 178.0 829.0 63.0 ſte vie preſente: I’auoüe qu’en tel cas il faut auoir

68.0 226.0 828.0 61.0 plus d’eſgard à ſon ſerment, qu’à toutes ſes com¬

68.0 275.0 829.0 60.0 moditez. A raiſon de quoi Dieu a treſaigrement

65.0 322.0 826.0 64.0 reprins & chaſtié Sedechias dernier Roi de la

67.0 371.0 825.0 61.0 maiſon de Dauid, de ce que contreuenant à ſon

66.0 418.0 822.0 61.0 ſermẽt, il ſ'eſtoit reuolté du Roi des Chaldeens.

68.0 468.0 818.0 62.0 Les Gabaonites auſſi ne ſe plaignent de Ioſué,

71.0 518.0 821.0 57.0 qui touteſ-fois les auoit reduits en grande ſer¬

69.0 562.0 824.0 65.0 uitude. Et ſur tout quand il eſt queſtion de la Re

68.0 611.0 823.0 62.0 ligion, il faut bien regarder de pres de ne ſe diſ¬

70.0 661.0 820.0 60.0 penſer de ce qu’on a promis, & iuré à Dieu, te¬

67.0 710.0 824.0 61.0 nant touteſ-fois ceſte meſure, qu’en ſe gardant

68.0 755.0 822.0 60.0 de rien changer aiſeément en la Religion: d’au¬

68.0 804.0 824.0 60.0 tre coſté auſſi d’autant que c’eſt vne matiere en

67.0 852.0 822.0 64.0 laquelle on ne peut eſtre deceu qu’auec trop

70.0 900.0 820.0 58.0 grand intereſt, on ne ſ’opiniaſtre point à main¬

68.0 947.0 822.0 62.0 tenir ce qui ſ’apparoiſtra auoir eſté illicitement

69.0 996.0 822.0 58.0 promis à Dieu ſous vmbre de Religion: à faute

68.0 1042.0 821.0 64.0 de laquelle conſideratiõ pluſieurs grans remue¬

68.0 1094.0 537.0 53.0 mens ſont aduenus au monde.

116.0 1137.0 774.0 68.0 Mais poſons le cas que quelques peuples, ou

69.0 1190.0 822.0 59.0 par faute de ſens, ou par allechemens, ou pour¬

67.0 1238.0 822.0 61.0 autãt qu’aiant eu vn bon Prince de quelque fa¬

68.0 1284.0 814.0 60.0 mille, ils ont preſumé que tous ceux de ſa ra¬

68.0 1326.0 820.0 69.0 ce lui deuoient reſſembler, ſe ſoient ſouſ-miz à

69.0 1375.0 818.0 70.0 quelqu’vn entierement, & ſans aucune condi¬

68.0 1424.0 820.0 70.0 tion expreſſe, Sera-il dit qu’vn tel Prince puiſſe

68.0 1476.0 820.0 63.0 faire tout ainſi qu’il lui plaira: ou bien pluſtoſt

69.0 1524.0 823.0 63.0 faut-il pas tenir pour exprimé, ce qui eſt de ſa

71.0 1575.0 821.0 58.0 nature ſaint & legitime? Autrement ou eſt-ce

77.0 1624.0 814.0 59.0 que nous en ſerions? & quelle ſeroit la vie des

74.0 1673.0 815.0 63.0 hommes, venant vn tel Prince iuſques à tuer pe¬

660.0 1728.0 46.0 65.0 H

906.0 334.0 160.0 80.0 Ezech. 17 16.

897.0 1276.0 172.0 50.0 Ce qui eſt

893.0 1318.0 179.0 42.0 fondé ſurrai

899.0 1354.0 170.0 50.0 ſon &equité

899.0 1393.0 170.0 54.0 naturelle eſt

906.0 1440.0 139.0 48.0 tenu pour

897.0 1475.0 135.0 64.0 exprimé.
