1132 1824
663 127 47 52 80

263 173 830 59 polices, encores faudroit-il confeſſer, que le

264 226 830 53 vrai moien de la contenir, & conſeruer, c’eſt

263 272 830 56 de ſeruir celui qui en eſt le donneur, & con¬

262 319 829 58 ſeruateur. Quant aux paſſages de l’Eſcriture,

263 370 833 56 il appert que les premiers Patriarches eſtoient

263 418 832 50 Sacrificateurs, & ſouuerains en leurs familles

264 466 829 55 tout enſemble: ce qui eſt expreſſément eſcrit

263 512 831 50 de Melchiſedech: autant en eſt-il d’Heli: & ce

265 561 829 60 que le Seigneur a ſeparé depuis ces deux char¬

267 608 829 63 ges, n’a pas eſté que l’vne fuſt repugnante à l’au¬

266 659 829 57 tre: mais d’autant qu’vn ſeul homme à gran¬

266 705 830 59 de peine peut-il faire l’vne & l’autre. Ce qui

266 752 831 57 eſt commandé au Roi d’auoir vn liure de la

277 805 820 56 Loi, & d’y regarder nuit & iour, n’eſt point

270 851 826 56 commãdé au Roi comme à vn particulier, mais

275 893 820 58 comme à vn Roi. Entre les Loix auſſi, deſquel¬

271 947 826 53 les les Magiſtrats ſont executeurs, celles là ſont

270 998 825 50 des principalles qui cõdamnent les corrupteurs

276 1044 821 55 de la vraie Religion, à mort. La prattique ſ'en

277 1092 821 53 voit en Dauid, par lequel tout le ſeruice de

281 1135 816 64 Dieu a eſté reiglé: En Salomon, qui a executé

281 1184 812 62 le commandement de ſon pere: és Edits d’Aſa,

273 1234 826 60 Ioſaphat, Eſéchias, Ioſias, voire en Nabuchad¬

283 1284 815 58 nezer, & Darius eſtans eſmeuz d’adorer le vrai

276 1328 824 64 Dieu, par le Prophete Daniel. Bref, quand l’A¬

274 1381 825 59 poſtre dit que les Rois & Princes ſont ordon¬

273 1433 826 53 nez, non ſeulement à fin que nous viuions en

273 1477 827 55 honneſteté, mais auſſi en Pieté: (c’eſt à dire, non

273 1525 825 59 ſeulemẽt vertueuſement, & en gens de bien les

275 1574 824 55 vns enuers les autres, mais auſſi religieuſement

277 1622 819 57 quant à Dieu) il determine clairemẽt ceſte que¬

274 1668 822 63 ſtion. Et de fait les anciens Conciles, contre les

970 1719 124 69 hereti¬

104 517 131 45 Gen. 14.18

108 555 99 74 Sam.1.

103 907 163 42 Deut. 17.18.

103 986 107 53 Deut.13

106 1026 155 54 Chron.28.

102 1069 166 53 2. Chr. 15.13.

102 1113 172 46 2.Chr.20.21

97 1156 170 44 2.Chr. 31.2.

98 1188 171 56 2.Chr.34.31.

101 1285 168 54 Dan.3,96. &

100 1328 66 45 6.26

102 1369 154 59 Tim. 2.2.
