1132 1824
459.0 154.0 41.0 49.0 23

63.0 193.0 819.0 57.0 les, (qui eſt vne couſtume introduite premiere¬

65.0 241.0 818.0 53.0 ment en l’Empire Romain par l’Empereur Ty¬

64.0 290.0 820.0 57.0 bere, comme teſmoigne Suetone en lavie de Ve

63.0 336.0 819.0 64.0 ſpaſiã, & qui n’a eſté au temps paſſé vſitee, pour

64.0 387.0 820.0 56.0 le moins en Frãce, ſinon quand la couronne n’e¬

64.0 432.0 821.0 61.0 ſtoit paſſee du pere au fils) de cela ne faut pas re¬

63.0 484.0 823.0 58.0 cueillir que le ſouuerain ſoit leur principal au¬

64.0 533.0 820.0 56.0 cteur, veu que le ſouuerain meſmes deuãt qu’e¬

63.0 578.0 821.0 59.0 ſtre mis en vraie poſſeſſion de ſon adminiſtratiõ

64.0 625.0 819.0 59.0 ſouueraine, iure fidelité à la ſouueraineté ſous

63.0 677.0 818.0 58.0 les conditions appoſees à ſon ſermẽt, cõme puis

65.0 722.0 818.0 61.0 apres il baille le ſerment auſdits officiers: de ſor¬

64.0 774.0 819.0 56.0 te que telle confirmation (comme auſſi l’inue¬

63.0 820.0 819.0 56.0 ſtiture d’vn nouueau vaſſal, ou par vn nouueau

63.0 867.0 820.0 61.0 ſeigneur) ne baille point nouueau droit, mais eſt

63.0 916.0 819.0 55.0 ſimplemẽt vne recognoiſſance nouuelle de l’an

64.0 959.0 816.0 65.0 cien droit, à cauſe du changement entreuenu.

66.0 1009.0 814.0 66.0 Par cela il appert qu’il y a vne mutuelle obliga¬

66.0 1059.0 814.0 59.0 tion entre vn Roi & les officiers d’vn Roiaume:

65.0 1103.0 816.0 64.0 duquel Roiaume tout le gouuernement n’eſt

67.0 1153.0 816.0 60.0 pas mis entre les mains du Roi, ains ſeulement

65.0 1204.0 816.0 60.0 le ſouuerain degré de ce gouuernemẽt, comme

65.0 1250.0 816.0 58.0 auſſi les officiers inferieurs y ont chacun leur

67.0 1299.0 816.0 59.0 part ſelon leur degré, & le tout à certaines con¬

65.0 1345.0 818.0 60.0 ditions d’vne part & d’autre. Ces conditiõs donc

65.0 1395.0 817.0 61.0 n’eſtans obſeruees par ces officiers inferieurs, il

66.0 1445.0 816.0 59.0 appartient au ſouuerain de les demettre & punir

66.0 1492.0 816.0 61.0 auec cognoiſſance de cauſe, & par l’ordre que

67.0 1539.0 815.0 63.0 les loix du Roiaume portent, & non autre¬

66.0 1588.0 816.0 59.0 ment, ſ’il ne veut lui-meſmes contreuenir à ſon

65.0 1631.0 818.0 66.0 ſerment qu’il a fait d’exercer ſon eſtat ſelon les

66.0 1683.0 814.0 69.0 loix. Cas aduenãt auſſi que celui qui eſt Roi par
