1132 1824
58 189 844 58 qu’vn: N’y a-il nul remede contre vn ſouuerain a¬

58 239 846 53 buſant de ſa domination contre touts droits di¬

56 287 847 57 uins & humains? Ouy pour certain il y en a, voire

56 338 850 51 meſmes aiant recours aux moiens humains. Et

58 384 845 59 quand ie parle ainſi, ie prie que perſonne pour ce¬

56 434 845 53 la n’eſtime que ie fauoriſe aucunement à ces en¬

56 480 846 57 ragez Anabaptiſtes ou à autres ſeditieux & mu¬

55 528 848 56 tins: leſquels au contraire ie croi eſtre dignes de

56 575 845 57 la haine de tout le reſte des hommes, & de treſ¬

56 626 635 55 grieues peines pour leurs demerites.

459 139 44 63 9

103 669 799 59 Mais ſi faut-il que ie die ce qui eſt de ceſte ma¬

55 720 849 59 tiere: & ne faut pas penſer que ceux qui enſeignẽt

56 770 850 53 comment en bonne conſcience on peut reſiſter à

58 813 848 57 vne tyrannie manifeſte, deſpouillent les bons &

56 861 851 60 legitimes magiſtrats de l’authorité que Dieu leur

57 915 846 52 a donnee, ou facent ouuerture aux ſeditions. Car

57 958 847 57 au cõtraire l’autorité des magiſtrats ne peut eſtre

56 1006 848 56 eſtablie, ni la trãquilité publique eſtre conſeruee

60 1054 846 53 qui eſt le but de toutes les vraies polices, ſinon

60 1103 841 57 qu’en empeſchant que la tyrannie ne ſuruienne,

58 1149 846 55 ou l’aboliſſant, quand elle eſt ſuruenue. La que¬

59 1198 847 55 ſtion donc eſt de ſauoir, ſi les ſubiets ont quelque

60 1248 846 55 iuſte moien, & ſelon Dieu de reprimer, meſmes

61 1296 845 54 par la voie des armes, ſi beſoin eſt, la tyrannie tou¬

61 1343 846 56 te notoire d’vn ſouuerain magiſtrat: pour la deci¬

62 1389 842 62 ſion de laquelle queſtion ie preſuppoſerai en pre¬

64 1441 413 54 mier lieu ce qui ſ'enſuit.

112 1501 793 49 le di donc, Que les peuples ne ſont point iſſus

65 1535 844 65 des magiſtrats, ains que les peuples auſquels il a

63 1579 846 61 pleu de ſe laiſſer gouuerner ou par vn prince, ou

67 1631 837 60 par quelques ſeigneurs choiſis, ſont plus anciens

69 1680 838 62 que leurs magiſtrats, & par conſequent, que les

923 1494 134 74 Les magi

922 1532 138 44 ſtrats ſo

920 1565 142 61 pour les p

918 1611 142 54 ples, & no

922 1652 138 62 au cõtrair

690 1724 26 70 B
