1132 1824
642.0 136.0 48.0 76.0 30

254.0 192.0 828.0 54.0 le droit & equité a eu lieu, n’ont creé ni accepté

254.0 243.0 827.0 55.0 leurs Rois qu’à certaines conditions, leſquelles

255.0 292.0 828.0 53.0 eſtans manifeſtement violees par eux, il ſ’enſuit

256.0 339.0 827.0 56.0 que ceux qui ont eu puiſſance de leur bailler tel¬

255.0 389.0 828.0 52.0 le authorité, n’ont eu moins de puiſſance de les

254.0 435.0 828.0 54.0 en priuer. Et de fait voions ſi de tout temps &

257.0 486.0 826.0 55.0 par toutes les natiõs les mieux cognues cela n’a

262.0 533.0 407.0 55.0 pas eſté ainſi prattiqué.

299.0 579.0 782.0 58.0 Commençons par le Roiaume, puis par l’Em

256.0 627.0 825.0 54.0 pire des Romains, encores qu’ils n’aient eſté les

258.0 677.0 822.0 54.0 plus anciens. Tite Liue parlant du premier com¬

267.0 722.0 810.0 51.0 mencement du Roiaume des Romains, dit ex¬

258.0 772.0 823.0 55.0 preſſément qu’apres la mort de Romulus, qui a¬

258.0 821.0 821.0 53.0 uoit comme engendré ce peuple, ces cent per¬

258.0 869.0 822.0 57.0 ſonnages qui furent appellez Interreges, com¬

258.0 913.0 823.0 60.0 me ſi vous diſiez, Entre-Rois, qui gouuernoiẽt

260.0 963.0 821.0 57.0 par tour, n’aians eſté agreables au commun, il

260.0 1009.0 821.0 58.0 y eut vn accord fait, que de-là en auant les Rois

258.0 1056.0 820.0 61.0 ſeroient creez par les ſuffrages du peuple, autho

258.0 1104.0 823.0 60.0 riſez par le Senat. Le meſme autheur parlant de

263.0 1154.0 819.0 55.0 Tarquinius le Superbe & dernier Roi: Il n’auoit

260.0 1203.0 821.0 56.0 dit-il, rien apporté que la force pour auoir titre

261.0 1249.0 822.0 56.0 de Roi, n’aiant eſté fait Roi ni par la volonté du

262.0 1296.0 821.0 58.0 Peuple ni par l’authorité du Senat. Il declare

264.0 1345.0 817.0 60.0 puis apres ce qu’il faiſoit contre les couſtumes

263.0 1394.0 820.0 57.0 anciennes. Ce fut le premier, dit-il, qui rompit

262.0 1444.0 818.0 52.0 la couſtume obſeruee par les Rois precedens,

263.0 1489.0 818.0 52.0 qui eſtoit de demander conſeil de toutes choſes

262.0 1538.0 821.0 55.0 au Senat, & qui adminiſtra la Republique par

261.0 1588.0 822.0 55.0 conſeils particuliers, faiſant ou rompant la paix

262.0 1633.0 819.0 59.0 & la guerre, alliances & aſſociations à ſon appe¬

260.0 1680.0 819.0 65.0 tit & auec qui bon lui ſembloit, ſans en riẽ com¬

85.0 555.0 164.0 48.0 Exemple de

86.0 591.0 150.0 49.0 l’eſtat des

83.0 637.0 144.0 44.0 Romains

84.0 673.0 166.0 44.0 du temps de

85.0 712.0 163.0 49.0 leurs Rois.
