1132 1824
652.0 142.0 60.0 43.0 24

263.0 182.0 828.0 53.0 election ou droit hereditaire ſe deſtourne ma¬

263.0 229.0 830.0 55.0 nifeſtement des conditions, ſous leſquelles &

262.0 279.0 835.0 53.0 non autremẽt, il a eſté recognu, & aduoüé pour

263.0 327.0 834.0 59.0 Roi: qui peut douter que l’inferieur Magiſtrat

262.0 373.0 835.0 58.0 du Roiaume, & la ville & Prouince, de laquelle

263.0 422.0 830.0 57.0 il a receu l’adminiſtratiõ de par la ſouueraineté,

263.0 470.0 831.0 56.0 ne ſoient quictes de leur ſerment, au moins iuſ¬

265.0 516.0 830.0 63.0 ques à ce point qu’il leur ſoit loiſible de ſ'oppo¬

263.0 567.0 830.0 58.0 ſes à l’oppreſſion manifeſte du Roiaume, du¬

264.0 615.0 829.0 57.0 quel ils ont iuré la defenſe & protection ſelon

262.0 663.0 831.0 57.0 leur charge & particuliere adminiſtratiõ? Com¬

263.0 714.0 831.0 55.0 ment donc? dira quelqu’vn, Celui qui n’agueres

264.0 761.0 833.0 56.0 eſtoit ſouuerain magiſtrat & inuiolable, ſera-il

265.0 810.0 828.0 57.0 tenu ſoudain pour perſonne priuee à l’appetit

264.0 860.0 828.0 58.0 de quelque inferieur, pour puis apres le pour¬

263.0 904.0 830.0 55.0 ſuiure & offenſer comme vn ennemi public? Ie

264.0 955.0 829.0 54.0 reſpon que non. Car ce ſeroit autrement ouurir

265.0 999.0 826.0 58.0 la porte à toutes malheureuſes ſeditions, & con¬

265.0 1050.0 824.0 56.0 ſpirations: mais ie parle en premier lieu d’vne ty

265.0 1097.0 827.0 57.0 rannie toute manifeſte, & d’vn Tyran ne ſouf¬

272.0 1143.0 818.0 60.0 frant aucune remonſtrance. Secondement, ie

281.0 1188.0 811.0 61.0 ne parle pas de depoſer vn Tyran de ſon throſne

276.0 1237.0 816.0 65.0 ains ſeulement de ſ'oppoſer ſelon ſon degré à la

274.0 1290.0 818.0 54.0 violence manifeſte, aiant deſia parci deuant mõ

267.0 1338.0 826.0 55.0 ſtré n’eſtre raiſonnable qu’vne obligation con¬

267.0 1386.0 829.0 56.0 tractee par conſentemẽt cõmun ſoit miſe à neãt

269.0 1434.0 825.0 58.0 par la particuliere volonté de ceſtui-ci ou de ce¬

268.0 1481.0 828.0 61.0 ſtui-là, quel qu’il ſoit, quand meſmes il auroit iu

266.0 1528.0 829.0 59.0 ſte occaſion de ſe plaindre. Mais d’autre coſté

269.0 1578.0 827.0 60.0 puis que ces officiers inferieurs du roiaume ont

268.0 1627.0 828.0 57.0 receu de par la ſouueraineté, l’obſeruation &

269.0 1678.0 825.0 61.0 maintenance des loix entre ceux qui leur ſont

945.0 1728.0 148.0 53.0 commis

83.0 1150.0 181.0 59.0 C'eſt autre

82.0 1197.0 173.0 57.0 choſe de ſ'op

85.0 1238.0 175.0 58.0 poſer à vn ty

85.0 1285.0 173.0 46.0 ran, que de

85.0 1322.0 154.0 55.0 le depoſer.
