1132 1824
464.0 159.0 42.0 52.0 39

76.0 174.0 821.0 81.0 pourſuiui iuſques à la mort par ceux de Ieruſalẽ,

71.0 244.0 824.0 58.0 eſt encores pl⁹ clair. Et ſi quelqu’vn eſtime que

72.0 291.0 823.0 60.0 cela ait eſté fait pat ſedition, & non par droit, ie

70.0 337.0 823.0 58.0 le prie de bien conſiderer les raiſons ſuiuantes.

68.0 386.0 827.0 64.0 Il n’eſt point dit qu’Amaſias ait eſté tué par ſes

68.0 436.0 826.0 57.0 ſeruiteurs, comme loas ſon pere, & cõme Am¬

68.0 483.0 824.0 62.0 mon fils de Manaſſé: mais comme d’vne ligue ge

69.0 533.0 823.0 60.0 nerale par ceux de leruſalem, & non pas en ca¬

69.0 580.0 823.0 59.0 chette, & comme l’aiant aguetté, (qui a eſté l’iſ¬

68.0 627.0 823.0 62.0 ſue de pluſieurs Tyrans) mais ouuertement, &

67.0 676.0 824.0 60.0 comme d’autorité publique: & non point ſou¬

69.0 722.0 823.0 64.0 dain par quelque eſmeute, mais apres qu’il ſ'en

69.0 768.0 824.0 63.0 fut enfui en la ville de Lachis, dont auſſi il eſt dit

72.0 818.0 821.0 61.0 que ſon corps fut ramené, & enſeueli auec ſes an

70.0 866.0 822.0 58.0 ceſtres. Certainemẽt il n’y a en ceci aucune cho¬

68.0 914.0 825.0 61.0 ſe ni deuant ni apres la mort d’Amaſias, qui tie¬

68.0 962.0 825.0 57.0 ne de ſedition. Ains toutes ces circonſtances mõ

69.0 1009.0 825.0 64.0 ſtrent, qu’encores que le tout fuſt fait extraordi¬

69.0 1055.0 824.0 63.0 nairement & ſommairemẽt: ſi eſt-ce que le tout

69.0 1105.0 825.0 63.0 fut entreprins & conduit par la deliberation de

69.0 1153.0 824.0 63.0 ceux de Ieruſalem ville capitale liguez, comme

72.0 1202.0 822.0 62.0 principalle partie des Eſtats du Roiaume: & ce

68.0 1252.0 825.0 60.0 non pour haine particuliere, mais à cauſe de ſon

68.0 1302.0 825.0 58.0 impieté, contreuenante directement à la prin¬

69.0 1344.0 825.0 64.0 cipalle partie de ſon ſerment. Voila auſſi pour¬

72.0 1397.0 822.0 63.0 quoi il n’eſt point dit qu’apresceſt acte, il y ait eu

73.0 1445.0 821.0 58.0 plainte, enqueſte ou tumulte ou punition faite

72.0 1488.0 823.0 67.0 par le peuple ou par le fils d’Amaſias, comme il

69.0 1540.0 826.0 60.0 fut fait en la mort d’Ammon, & de Ioas, tuez

72.0 1590.0 818.0 60.0 par complot de leurs domeſtiques, qui en furẽt

76.0 1632.0 815.0 64.0 iuſtement punis, combien que ni l’vn ni l’autre

68.0 1676.0 822.0 79.0 ne valluſt rien. Mais au contraire, il eſt dit que le

906.0 203.0 157.0 63.0 2.Rois 14.15

906.0 1617.0 157.0 53.0 2.Rois 12.26

900.0 1656.0 155.0 58.0 & 14.5 & 2

902.0 1702.0 53.0 47.0 24.
