1132 1824
464 162 45 24 73

64 178 828 57 qu’vn homme ne ſoit tué parla main des bri¬

64 225 831 59 gands ſans que la volonté de Dieu l’ait ainſi per¬

61 275 836 58 mis: Si eſt-ce que celui qui les rencontre ſe peut

62 323 832 58 mettre en iuſte deffenſe, eſtant authoriſé par

63 372 832 56 les loix, d’autant qu’il n’a point de comman¬

65 419 830 59 dement de Dieu particulier de ſe laiſſer tuer par

65 465 830 58 les brigands. Ainſi en eſt-il de la defenſe ordi¬

66 516 828 57 naire, de laquelle nous parlons, à l’encontre

67 565 827 55 d’vn Tyran, laquelle ceſſe entreuenant vne cõ¬

66 611 828 54 traire declaration particuliere de la volonté de

68 659 827 56 Dieu, comme il eſt aduenu en ce fait de Sede¬

69 703 822 64 chias, & long temps auparauant à Roboam ſon

71 754 824 61 predeceſſeur, lequel ſans cela euſt iuſtement &

68 803 828 57 à bon droit pourſuiui les dix lignees à cauſe de

69 851 827 61 leur reuolte. Mais Mathathias & ſes enfans n’ai¬

69 898 822 63 ans contraire aduertiſſement de parle Seigneur,

69 945 828 65 ſont dignes de grãde louange de ce qu’ils ſe ſont

69 996 824 59 ſi vaillamment oppoſez à la treſ-cruelle tyran¬

70 1042 823 62 nie d’Antiochus, qui touteſ-fois n’auoit enuahi

71 1090 822 64 le peuple de Dieu, ſans que la volonté de Dieu,

72 1142 824 59 iuſte iuge, l’euſt permis, & meſmes que ce Ty¬

73 1188 823 62 ran fuſt receu & aduoüé par la plus grand’ part.

121 1235 773 61 On met en auant auſſi Que la reuolte des Iſ¬

74 1281 820 62 raëlites (aians quitté Roboam comme vn Prin¬

76 1336 814 57 ce exacteur) eſt condamnee. Ie reſpon que les Iſ¬

74 1378 820 64 raëlites en cela firent deux fautes: La premiere,

76 1424 821 61 en ce qu’au lieu qu’ils deuoient aſſembler les E¬

76 1472 818 63 ſtats d’Iſraël, & renger Roboam à raiſon, voulut

79 1520 818 65 ou non: ils dreſſerent vn Roiaume nouueau di¬

82 1574 816 60 uiſans ce que Dieu auoit conioint. Laſeconde,

84 1622 820 60 en ce qu’ils ſe reuolterent de la maiſon de Dauid

84 1668 819 65 laquelle ils n’ignoroient eſtre choiſie de Dieu

674 1725 39 71 K

906 718 142 63 2.Chro.11.4.

898 1029 170 57 1. Mach.1.2.

935 1244 136 51 Les dix li¬

900 1284 157 52 gnees ont

903 1329 172 45 mal mené

902 1371 175 41 vne iuſte cau

908 1402 166 52 ſe contreRo

908 1442 96 47 boam.

908 1480 164 59 I. Rois 12, 18

911 1526 71 48 & 20
