1132 1824
455.0 162.0 49.0 41.0 29

62 183 823 66 me eſpece de ſubiets, leſquels (encores qu’a la ve

65.0 238.0 822.0 64.0 rité & en certain eſgard ils ſoient ſouſ-mis à l’o¬

67.0 294.0 813.0 49.0 beiſſance du ſouuerain) toutesfois en vn autre

63.0 337.0 822.0 59.0 eſgard & en cas de neceſſité, ſont eſtabliz Prote

62.0 387.0 818.0 59.0 cteurs des droits de la ſouueraineté, pour rete¬

62.0 439.0 817.0 48.0 nir le ſouuerain en ſon deuoir, & meſmes le re¬

64.0 485.0 818.0 59.0 primer & chaſtier, ſi beſoin eſt. Or faut-il ici en

66.0 536.0 809.0 54.0 premier lieu ſe ſouuenir de ce que i’ai dit ci deſ¬

62.0 579.0 815.0 59.0 ſus, c’eſt aſſauoir que le peuple a eſté deuant au¬

64.0 632.0 817.0 58.0 cun Magiſtrat, & que le peuple n’eſt point pour

64.0 677.0 817.0 60.0 le Magiſtrat, mais le Magiſtrat pour le peuple.

68.0 729.0 813.0 56.0 Car encores qu’il ſemble que quelques peuples

65.0 777.0 818.0 53.0 aient comme tiré leur origine de leurs Rois, cõ¬

64.0 821.0 820.0 60.0 me Romulus ſemble auoir creé le peuple Ro¬

65.0 871.0 822.0 57.0 main, lequel a la verité n’a point eſté vn peuple

65.0 920.0 821.0 55.0 originel, à parler proprement, mais vn amas de

66.0 967.0 823.0 57.0 gens recueilliz des autres peuples, ſi eſt-ce que

67.0 1015.0 821.0 56.0 cela ne peut eſtre tiré en conſequence pour en

67.0 1064.0 819.0 49.0 faire regle: & Romulus meſmes n’a dominé ſur

68.0 1110.0 818.0 56.0 ces gents-là que de leur conſentement. De là

66.0 1157.0 821.0 59.0 ſ'enſuit que la puiſſance des Magiſtrats, quel¬

71.0 1208.0 817.0 55.0 ques grands & ſouuerains qu’ils ſoient, depend

69.0 1253.0 813.0 60.0 de celle du public qui les a eſleus en ce degré,

70.0 1305.0 816.0 52.0 &non au contraire. Et à fin qu’on ne replique

71.0 1352.0 813.0 56.0 point, qu’il eſt bien vrai que la premiere ori¬

69.0 1399.0 817.0 57.0 gine des Magiſtrats a eſté telle, mais que de¬

70.0 1447.0 817.0 51.0 puis les Peuples ſe ſont ſouſ-mis entierement à

69.0 1491.0 815.0 59.0 la puiſſance & volonté de ceux qu’ils ont accep¬

70.0 1543.0 816.0 56.0 tez pour ſouuerains, & leur ont pleinement &

70.0 1592.0 816.0 54.0 ſans aucuue exception reſigné toute leur liber¬

71.0 1637.0 815.0 61.0 té. Ie nie qu’il puiſſe apparoir d’vne telle quittã¬

72.0 1689.0 813.0 59.0 ce, & dis au contraire que les Nations, tant que

651.0 1743.0 82.0 55.0 D 3

896.0 197.0 173.0 53.0 autres ordõ

896.0 240.0 173.0 45.0 nez pour ſer

891.0 281.0 181.0 46.0 uir de frein

891.0 323.0 181.0 43.0 aux ſouue¬

896.0 364.0 175.0 40.0 rains peuuẽt

896.0 395.0 176.0 51.0 & doiuent

896.0 439.0 173.0 53.0 les reprimer

892.0 483.0 178.0 44.0 par toutes

892.0 523.0 178.0 44.0 voies quand

889.0 556.0 179.0 52.0 ils ſont deue

893.0 601.0 153.0 58.0 nus tyrans.
