1132 1824
449.0 197.0 37.0 1.0 3

88.0 188.0 773.0 66.0 DV DROIT DES MAGISTRATS

244.0 247.0 467.0 54.0 SVR LEVRS SVBIETS.

182.0 417.0 37.0 75.0 I

301.0 331.0 582.0 62.0 L n’y a autre volonté que celle de

304.0 389.0 579.0 57.0 vn ſeul Dieu qui ſoit perpetuelle

300.0 437.0 582.0 56.0 & immuable, reigle de toute iuſti

300.0 483.0 586.0 61.0 ce. C’eſt dõc luy ſeul auquel nous

299.0 527.0 584.0 62.0 ſommes ten⁹ d’obeir ſans aucune

63.0 580.0 821.0 58.0 exception. Et quant à l’obeiſſance deuë aux prin

63.0 628.0 821.0 50.0 ces, ſ'ils eſtoient touſiours la bouche de Dieu

63.0 676.0 821.0 54.0 pour commander, il faudroit auſſi dire ſans ex¬

62.0 727.0 822.0 55.0 ception qu’on leur deuroit obeir tout ainſi qu’a

62.0 774.0 822.0 54.0 Dieu : mais n’aduenant le contraire que trop ſou

60.0 821.0 821.0 57.0 uent, ceſte condition y doit eſtre appoſee, Pour¬

59.0 866.0 807.0 60.0 ueu qu’ils ne commandent choſes irreligieuſes,

57.0 911.0 819.0 66.0 ou iniques. I’appelle cõmandemens irreligieux,

59.0 959.0 817.0 62.0 ceux par leſquels il eſt commãdé de faire ce que

56.0 1004.0 821.0 63.0 la premiere Table de la Loi de Dieu defend, ou

58.0 1056.0 815.0 62.0 defend de faire ce qu’elle commande. I’appelle

57.0 1109.0 820.0 56.0 commandemens iniques ceux, auſquels on ne

59.0 1158.0 818.0 51.0 peut obeir ſans faire ou obmettre ce que chacun

57.0 1200.0 820.0 60.0 doit à ſon prochain ſelon ſa vocation, ſoit publi¬

59.0 1251.0 818.0 59.0 que, ſoit particuliere. Et ſe preuue mon dire tant

58.0 1303.0 818.0 53.0 par raiſons que par exemples treſeuidens. Dieu

53.0 1342.0 818.0 68.0 dit par la bouche d’Eſaie ſon prophete, Qu’il ne

55.0 1397.0 821.0 59.0 tranſportera point ſa gloire à vn autre. Et quand

54.0 1444.0 823.0 53.0 Dieu n’auroit point ainſi clairement parlé, il eſt

55.0 1492.0 816.0 58.0 clair de ſoi-meſmes que c’eſt vne choſe par trop

53.0 1539.0 822.0 59.0 meſchante, d’egaller les Edits procedents de la

56.0 1587.0 818.0 57.0 volõté d’vn homme, à ceux que Dieu a lui-meſ¬

52.0 1636.0 823.0 58.0 mes eſtablis. Or eſt il ainſi que l’autorité de Dieu

54.0 1682.0 819.0 66.0 & celle des hommes ſeroient egalles, ſ'il failloit

896.0 329.0 166.0 60.0 Vn ſeul Dieu

893.0 380.0 165.0 44.0 doit eſtre o¬

892.0 419.0 169.0 47.0 bey ſans au¬

889.0 464.0 166.0 48.0 cune excep¬

893.0 503.0 71.0 43.0 tion.

884.0 890.0 179.0 49.0 Pieté & Cha

887.0 934.0 173.0 44.0 rité ſont les

885.0 968.0 157.0 51.0 limites de

887.0 1007.0 167.0 50.0 l'obeiſſance

886.0 1050.0 158.0 51.0 deue aux

884.0 1090.0 166.0 61.0 magiſtrats.

885.0 1346.0 122.0 61.0 Eſ-48.18

637.0 1737.0 30.0 60.0 A

702.0 1741.0 32.0 57.0 2
