1132 1824
644.0 154.0 54.0 41.0 28

261.0 196.0 826.0 54.0 ram ſixieme ſucceſſeur de Dauid. La raiſon de ce

262.0 246.0 825.0 54.0 fait adiouſtee en l’hiſtoire, aſſauoir d’autant que

263.0 294.0 823.0 53.0 Ioram auoit abandonné l’Eternel Dieu de leurs

264.0 341.0 822.0 58.0 peres, & la qualité de la ville qui eſtoit ſacerdo¬

263.0 393.0 823.0 51.0 talle, nous monſtre clairement que ce fait eſt

261.0 439.0 825.0 56.0 bien autre, que la reuolte des Idumeens, qui ad¬

261.0 488.0 823.0 52.0 uint ſous le meſme Roi, & en vn meſme tems.

263.0 534.0 818.0 54.0 Car les Idumeens (comme il eſt vrai ſemblable)

262.0 583.0 822.0 57.0 ne ſe retirerent pas de la ſubiection d’Iſraël pour

262.0 630.0 822.0 50.0 adherer au vrai Dieu, qu’ils ne ſuiuirent iamais

262.0 678.0 824.0 50.0 de bon cueur, ains ſeulement eſmeus de la haine

262.0 724.0 823.0 53.0 des Iſraëlites, & du deſir de recouurer leur liber¬

262.0 774.0 824.0 55.0 té. Mais les Sacrificateurs de Lobna (ou pourle

262.0 822.0 820.0 57.0 moins les ſeigneurs de ceſte ville là apres Dieu,

262.0 870.0 822.0 57.0 ſi on veut dire que les Sacrificateurs ſ'en feuſ¬

262.0 919.0 820.0 56.0 ſent retirez au parauant) firent preuue de leur

263.0 965.0 818.0 61.0 pieté, quand ne pouuans obeir à Dieu & au Ty¬

262.0 1013.0 821.0 57.0 ran, ils ſe retirerent de l’obeiſſance d’icelui pour

261.0 1064.0 821.0 52.0 demourer auec Dieu. Ces deux exemples, ou¬

259.0 1110.0 825.0 59.0 tre les raiſons que deſſus, ſont ſi certains & au¬

261.0 1157.0 821.0 60.0 thentiques, qu’à mon aduis, ils ſuffiſent pour aſ¬

260.0 1207.0 822.0 54.0 ſeurer la conſcience des Magiſtrats inferieurs, e¬

261.0 1256.0 822.0 54.0 ſtans contraints apres auoir eſſaié tous autres re

260.0 1302.0 821.0 56.0 medes, de ſ'emploier iuſques aux armes, ſeule¬

259.0 1354.0 821.0 53.0 ment pour conſeruer les leurs contre vne mani¬

259.0 1398.0 820.0 56.0 feſte Tyrannie, & non pour faire ſedition, mais

261.0 1448.0 820.0 56.0 pour l’empeſcher: Comme auſſi il eſt notoire

263.0 1495.0 816.0 56.0 que du temps de nos ayeux la Tyrannie de ceux

264.0 1543.0 816.0 56.0 qui dominoient ſur les Suïſſes a fait ouuerture

261.0 1590.0 816.0 59.0 à leurs Magiſtrats municipaux à la liberté, de la¬

265.0 1638.0 548.0 58.0 quelle ils iouïſſent au iourdhui.

297.0 1685.0 779.0 64.0 Nous auons maintenant à parler de la troiſie¬

92.0 1695.0 177.0 57.0 Les eſtatsou
