<?xml version="1.0" encoding="UTF-8"?>
<alto xmlns:xsi="http://www.w3.org/2001/XMLSchema-instance"
      xmlns="http://www.loc.gov/standards/alto/ns-v4#"
      xsi:schemaLocation="http://www.loc.gov/standards/alto/ns-v4# http://www.loc.gov/standards/alto/v4/alto-4-2.xsd">
  <Description>
    <MeasurementUnit>pixel</MeasurementUnit>
    <sourceImageInformation>
      <fileName>80_92f80_default.jpg</fileName>
      <fileIdentifier>mets//83_796e0_default.zip/80_92f80_default.jpg</fileIdentifier>
    </sourceImageInformation>
  </Description>
  <Tags>
    <OtherTag ID="BT7" LABEL="CustomZone" DESCRIPTION="block type CustomZone"/><OtherTag ID="BT8" LABEL="DamageZone" DESCRIPTION="block type DamageZone"/><OtherTag ID="BT9" LABEL="DigitizationArtefactZone" DESCRIPTION="block type DigitizationArtefactZone"/><OtherTag ID="BT10" LABEL="DropCapitalZone" DESCRIPTION="block type DropCapitalZone"/><OtherTag ID="BT11" LABEL="GraphicZone" DESCRIPTION="block type GraphicZone"/><OtherTag ID="BT12" LABEL="MainZone" DESCRIPTION="block type MainZone"/><OtherTag ID="BT13" LABEL="MarginTextZone" DESCRIPTION="block type MarginTextZone"/><OtherTag ID="BT14" LABEL="MusicZone" DESCRIPTION="block type MusicZone"/><OtherTag ID="BT15" LABEL="NumberingZone" DESCRIPTION="block type NumberingZone"/><OtherTag ID="BT17" LABEL="QuireMarksZone" DESCRIPTION="block type QuireMarksZone"/><OtherTag ID="BT18" LABEL="RunningTitleZone" DESCRIPTION="block type RunningTitleZone"/><OtherTag ID="BT19" LABEL="SealZone" DESCRIPTION="block type SealZone"/><OtherTag ID="BT20" LABEL="StampZone" DESCRIPTION="block type StampZone"/><OtherTag ID="BT21" LABEL="TableZone" DESCRIPTION="block type TableZone"/><OtherTag ID="BT22" LABEL="TitlePageZone" DESCRIPTION="block type TitlePageZone"/><OtherTag ID="BT2582" LABEL="MainZone-Head" DESCRIPTION="block type MainZone-Head"/><OtherTag ID="BT2583" LABEL="MainZone-P" DESCRIPTION="block type MainZone-P"/><OtherTag ID="BT2584" LABEL="MarginTextZone-Notes" DESCRIPTION="block type MarginTextZone-Notes"/><OtherTag ID="BT2585" LABEL="MainZone-Continued" DESCRIPTION="block type MainZone-Continued"/>
    <OtherTag ID="LT7" LABEL="CustomLine" DESCRIPTION="line type CustomLine"/><OtherTag ID="LT8" LABEL="DefaultLine" DESCRIPTION="line type DefaultLine"/><OtherTag ID="LT9" LABEL="DropCapitalLine" DESCRIPTION="line type DropCapitalLine"/><OtherTag ID="LT10" LABEL="HeadingLine" DESCRIPTION="line type HeadingLine"/><OtherTag ID="LT11" LABEL="InterlinearLine" DESCRIPTION="line type InterlinearLine"/><OtherTag ID="LT12" LABEL="MusicLine" DESCRIPTION="line type MusicLine"/>
  </Tags>
  <Layout>
    <Page WIDTH="1132"
          HEIGHT="1824"
          PHYSICAL_IMG_NR="80"
          ID="eSc_dummypage_">
      <PrintSpace HPOS="0"
                  VPOS="0"
                  WIDTH="1132"
                  HEIGHT="1824">
        <TextBlock HPOS="464.0"
                   VPOS="131.0"
                   WIDTH="54.0"
                   HEIGHT="45.0"
                   ID="eSc_textblock_96e3b96b"
                   TAGREFS="BT15">
          <Shape><Polygon POINTS="464 131 464 176 518 176 518 131"/></Shape>
          <TextLine ID="eSc_line_dbc6bb99"
                    TAGREFS="LT8"
                    BASELINE="468 168 512 168" 
                    HPOS="468.0"
                    VPOS="134.0"
                    WIDTH="44.0"
                    HEIGHT="48.0">
            <Shape><Polygon POINTS="508 140 496 134 488 134 481 134 475 135 468 141 468 168 468 176 511 182 512 168 512 145 508 140"/></Shape>
	    <String CONTENT="81"
                    HPOS="468.0"
                    VPOS="134.0"
                    WIDTH="44.0"
                    HEIGHT="48.0"
                    WC="0.9999773502349854"></String>
          </TextLine>
        </TextBlock>
        <TextBlock HPOS="74.0"
                   VPOS="175.0"
                   WIDTH="830.0"
                   HEIGHT="1547.0"
                   ID="eSc_textblock_88686634"
                   TAGREFS="BT2585">
          <Shape><Polygon POINTS="74 175 74 1722 895 1696 904 175"/></Shape>
          <TextLine ID="eSc_line_75d91540"
                    TAGREFS="LT8"
                    BASELINE="73 217 897 220" 
                    HPOS="72.0"
                    VPOS="180.0"
                    WIDTH="825.0"
                    HEIGHT="57.0">
            <Shape><Polygon POINTS="893 187 883 182 845 183 844 183 843 183 833 190 776 182 773 182 772 182 771 182 770 182 759 191 739 182 738 182 737 182 731 182 721 182 711 182 705 182 704 182 703 182 702 182 683 191 590 191 581 185 580 185 579 185 578 185 577 185 558 190 521 183 509 181 482 181 481 181 480 181 479 181 476 183 464 190 451 183 447 181 446 181 409 181 408 181 407 181 406 181 403 183 393 190 360 183 341 180 340 180 339 180 338 180 333 184 324 190 218 190 208 184 204 185 194 185 184 186 174 186 164 186 154 187 153 187 148 189 125 187 123 188 113 188 103 188 93 189 83 189 73 189 73 217 72 231 112 230 116 233 119 235 120 235 121 235 122 235 133 233 153 228 162 233 167 235 168 235 169 236 246 236 246 235 247 235 253 233 260 230 267 233 272 235 273 235 274 235 285 233 308 228 329 233 333 234 334 234 335 234 336 234 337 234 338 233 346 228 360 233 365 235 366 235 367 235 368 235 372 233 383 229 433 233 444 234 445 234 446 234 448 233 458 229 523 229 539 234 546 236 547 236 548 236 574 234 594 232 606 234 624 237 625 237 648 234 676 230 895 234 897 220 894 187 893 187"/></Shape>
	    <String CONTENT="heretiques, n’ont eſté cõuoquez par l’authorité"
                    HPOS="72.0"
                    VPOS="180.0"
                    WIDTH="825.0"
                    HEIGHT="57.0"
                    WC="0.9971766865253449"></String>
          </TextLine>
          <TextLine ID="eSc_line_52e06938"
                    TAGREFS="LT8"
                    BASELINE="74 265 897 267" 
                    HPOS="73.0"
                    VPOS="233.0"
                    WIDTH="824.0"
                    HEIGHT="51.0">
            <Shape><Polygon POINTS="74 265 73 277 231 282 232 282 233 282 247 277 253 275 305 275 316 277 340 282 341 282 397 277 407 276 410 277 423 282 424 282 425 283 488 283 488 282 512 276 526 276 616 276 618 276 632 281 633 281 634 281 635 281 648 276 649 276 659 281 660 281 661 281 747 276 751 276 768 283 769 283 770 284 856 284 856 283 896 275 897 267 895 240 744 241 737 239 728 236 727 236 726 236 725 236 719 239 713 242 678 239 654 237 653 237 637 239 612 242 595 239 572 234 571 234 570 234 569 234 562 239 555 243 496 243 490 239 487 236 486 236 485 236 484 236 455 238 425 241 408 238 383 234 382 234 381 234 372 238 366 241 354 238 332 233 259 233 258 233 237 238 222 242 193 242 186 238 177 233 176 233 175 233 142 238 126 240 119 238 107 233 106 233 105 233 74 237 74 265"/></Shape>
	    <String CONTENT="des Papes de Rome, qui n’eſtoient encores co¬"
                    HPOS="73.0"
                    VPOS="233.0"
                    WIDTH="824.0"
                    HEIGHT="51.0"
                    WC="0.987566143936581"></String>
          </TextLine>
          <TextLine ID="eSc_line_06f979e0"
                    TAGREFS="LT8"
                    BASELINE="77 316 897 314" 
                    HPOS="76.0"
                    VPOS="277.0"
                    WIDTH="821.0"
                    HEIGHT="57.0">
            <Shape><Polygon POINTS="77 316 77 334 106 333 107 333 108 333 121 325 164 330 165 330 166 330 167 330 174 325 186 333 187 333 188 333 189 333 192 333 238 325 325 330 326 330 327 330 338 326 346 331 349 333 350 333 351 333 352 333 394 330 466 325 475 329 484 333 485 333 486 333 506 329 523 325 530 328 537 332 538 332 539 332 607 327 656 324 671 326 703 332 704 332 705 332 706 332 715 327 855 332 856 332 896 323 897 314 895 287 804 287 803 286 788 277 787 277 786 277 765 277 764 277 763 277 762 277 747 286 746 286 744 286 712 285 700 277 699 277 698 277 675 277 674 277 673 277 672 277 664 284 655 277 654 277 653 277 582 277 581 277 580 277 579 277 565 286 564 286 556 286 519 285 508 277 507 277 506 277 505 277 504 277 470 286 464 288 361 288 355 286 324 278 323 278 289 278 288 278 287 278 271 286 268 287 263 286 247 281 246 281 245 281 204 286 191 287 188 286 172 278 171 278 170 278 76 285 77 316"/></Shape>
	    <String CONTENT="gneus pour lors pour tels qu’ils ſe ſont faits co¬"
                    HPOS="76.0"
                    VPOS="277.0"
                    WIDTH="821.0"
                    HEIGHT="57.0"
                    WC="0.9931591200828552"></String>
          </TextLine>
          <TextLine ID="eSc_line_d7884246"
                    TAGREFS="LT8"
                    BASELINE="76 362 898 364" 
                    HPOS="74.0"
                    VPOS="326.0"
                    WIDTH="824.0"
                    HEIGHT="56.0">
            <Shape><Polygon POINTS="76 362 74 380 106 381 107 381 108 381 110 380 123 373 205 380 219 381 220 381 221 381 223 380 240 373 261 380 264 381 265 381 266 381 275 380 327 373 351 373 359 380 360 381 361 381 362 381 363 382 412 382 412 381 413 381 416 380 434 373 446 380 448 381 449 381 450 381 468 380 531 374 565 380 569 380 570 380 574 380 613 374 625 380 630 382 631 382 632 382 649 380 670 376 683 380 688 381 689 381 690 381 691 381 692 381 694 380 703 374 896 378 898 364 895 327 865 336 792 328 782 327 781 327 780 327 777 328 750 336 737 328 736 327 735 327 734 327 711 327 710 327 709 327 703 329 684 335 609 336 590 330 582 327 581 327 580 327 567 330 540 337 487 337 468 336 461 331 454 326 453 326 451 326 430 326 429 326 428 326 427 326 419 331 412 335 355 332 320 330 319 330 304 332 287 335 283 333 274 326 273 326 272 326 271 326 76 334 76 362"/></Shape>
	    <String CONTENT="gnoiſtre lõg temps depuis: Mais par l’authorité"
                    HPOS="74.0"
                    VPOS="326.0"
                    WIDTH="824.0"
                    HEIGHT="56.0"
                    WC="0.9997401492936271"></String>
          </TextLine>
          <TextLine ID="eSc_line_35bdc568"
                    TAGREFS="LT8"
                    BASELINE="76 409 891 413" 
                    HPOS="74.0"
                    VPOS="374.0"
                    WIDTH="817.0"
                    HEIGHT="57.0">
            <Shape><Polygon POINTS="76 409 74 417 87 423 88 423 89 423 145 419 201 427 202 428 261 428 261 427 262 427 277 419 278 419 284 419 357 427 358 427 407 421 428 419 506 421 508 423 516 428 517 428 518 428 519 428 541 423 555 420 600 421 605 424 612 429 613 429 614 429 615 430 651 430 651 429 652 429 661 425 672 420 699 426 707 427 708 427 722 426 773 421 784 427 790 430 791 430 792 431 842 431 842 430 843 430 844 430 847 428 853 424 889 428 891 413 890 385 861 381 860 381 841 384 825 387 812 384 785 377 784 377 783 377 762 384 749 387 730 384 695 377 694 377 693 377 675 384 668 386 648 384 594 376 593 376 592 376 577 383 571 386 566 383 556 376 555 376 554 376 553 376 518 382 483 375 482 375 438 383 423 385 339 383 250 380 249 380 221 382 198 384 194 382 181 374 180 374 158 374 157 374 156 374 155 374 144 382 139 384 113 383 112 382 103 374 102 374 101 374 100 374 99 374 76 381 76 409"/></Shape>
	    <String CONTENT="des Empereurs contre les Eueſques heretiques,"
                    HPOS="74.0"
                    VPOS="374.0"
                    WIDTH="817.0"
                    HEIGHT="57.0"
                    WC="0.9902271853552924"></String>
          </TextLine>
          <TextLine ID="eSc_line_f8b17030"
                    TAGREFS="LT8"
                    BASELINE="78 458 897 462" 
                    HPOS="77.0"
                    VPOS="420.0"
                    WIDTH="820.0"
                    HEIGHT="57.0">
            <Shape><Polygon POINTS="78 458 77 472 461 469 473 472 487 476 488 476 489 476 584 475 585 475 592 472 595 470 617 472 671 476 672 476 673 476 688 471 693 470 722 471 840 477 841 477 896 470 897 462 896 430 842 424 841 424 840 424 831 429 821 434 728 434 709 427 698 424 697 424 696 424 695 424 688 427 674 432 654 427 653 427 652 427 613 432 591 426 582 423 581 423 580 423 579 423 578 423 574 426 571 427 537 425 483 422 482 422 481 422 480 422 477 424 464 432 424 432 389 423 381 422 380 422 379 422 375 423 355 431 335 423 333 422 332 422 331 422 330 422 328 423 311 432 283 432 149 421 148 421 147 421 128 430 117 421 116 421 115 421 78 420 78 458"/></Shape>
	    <String CONTENT="à la ſolicitatiõ des bons. Et ſont imprimees mille"
                    HPOS="77.0"
                    VPOS="420.0"
                    WIDTH="820.0"
                    HEIGHT="57.0"
                    WC="0.9842533022165298"></String>
          </TextLine>
          <TextLine ID="eSc_line_85aaf7d6"
                    TAGREFS="LT8"
                    BASELINE="79 506 897 509" 
                    HPOS="78.0"
                    VPOS="471.0"
                    WIDTH="819.0"
                    HEIGHT="54.0">
            <Shape><Polygon POINTS="79 506 78 516 105 522 106 522 134 516 137 516 141 516 164 521 165 521 252 516 267 516 270 516 289 521 290 521 291 521 333 516 348 515 352 516 368 523 369 523 370 524 436 524 436 523 437 523 438 523 447 516 455 516 540 516 543 516 559 521 560 521 561 522 561 521 562 521 578 516 581 516 584 516 613 522 614 522 651 517 666 524 667 524 668 524 698 518 777 524 778 524 822 517 859 524 860 525 860 524 896 516 897 509 896 482 816 476 815 476 783 481 782 481 781 481 775 476 774 476 773 476 772 476 748 479 705 473 704 473 703 473 702 473 691 481 690 482 673 482 669 481 624 472 558 472 557 472 556 472 536 480 532 480 400 472 399 472 367 480 364 480 362 480 341 471 340 471 339 471 338 471 312 479 312 480 206 480 205 479 195 471 194 471 193 471 160 471 159 471 158 471 139 479 138 479 79 479 79 506"/></Shape>
	    <String CONTENT="conſtitutions &amp; reiglemens Eccleſiaſtiques tant"
                    HPOS="78.0"
                    VPOS="471.0"
                    WIDTH="819.0"
                    HEIGHT="54.0"
                    WC="0.9995315417330316"></String>
          </TextLine>
          <TextLine ID="eSc_line_5c9ca033"
                    TAGREFS="LT8"
                    BASELINE="79 554 893 559" 
                    HPOS="78.0"
                    VPOS="515.0"
                    WIDTH="815.0"
                    HEIGHT="56.0">
            <Shape><Polygon POINTS="79 554 78 567 891 571 893 559 892 532 853 532 852 530 834 519 833 519 832 519 788 519 787 519 786 519 785 519 773 529 741 529 720 518 719 518 718 518 684 525 672 518 671 518 670 518 609 518 608 518 607 518 586 528 585 529 581 528 547 522 546 522 545 522 532 528 531 529 439 529 436 527 401 516 400 516 399 516 365 522 340 517 339 517 338 517 337 517 322 527 315 527 242 527 201 527 200 526 176 515 175 515 145 515 144 515 143 515 142 515 131 524 98 515 97 515 96 515 95 515 79 523 79 554"/></Shape>
	    <String CONTENT="de l’Empereur luſtinian, que de ſes ſucceſſeurs,"
                    HPOS="78.0"
                    VPOS="515.0"
                    WIDTH="815.0"
                    HEIGHT="56.0"
                    WC="0.9903044116993746"></String>
          </TextLine>
          <TextLine ID="eSc_line_e8c775ca"
                    TAGREFS="LT8"
                    BASELINE="80 601 897 605" 
                    HPOS="79.0"
                    VPOS="566.0"
                    WIDTH="818.0"
                    HEIGHT="55.0">
            <Shape><Polygon POINTS="80 601 79 614 204 618 205 618 239 614 252 613 257 614 267 618 268 618 269 618 270 618 278 614 284 612 289 614 299 618 300 618 302 618 320 614 326 613 329 614 339 619 340 619 341 620 406 620 406 619 407 619 420 614 426 612 470 614 532 617 533 617 586 614 606 613 608 614 613 618 614 618 615 618 616 618 644 614 645 614 647 614 693 621 694 621 718 616 783 621 784 621 896 613 897 605 896 575 838 570 837 570 836 570 835 570 829 574 827 576 819 574 802 569 801 569 800 569 799 569 798 569 791 574 787 577 737 577 721 573 692 568 616 568 615 568 614 568 613 568 607 572 602 576 489 576 473 571 453 567 451 567 450 567 434 571 421 574 395 571 378 569 376 569 375 569 374 569 372 571 367 575 295 575 289 570 285 566 284 566 283 566 282 566 281 566 267 570 255 574 234 574 228 570 223 566 222 566 221 566 220 566 201 569 182 573 165 569 149 566 148 566 147 566 139 569 129 573 124 569 122 567 121 567 120 567 119 567 80 568 80 601"/></Shape>
	    <String CONTENT="&amp; de Charlemagne &amp; autres. Bref, à quel titre"
                    HPOS="79.0"
                    VPOS="566.0"
                    WIDTH="818.0"
                    HEIGHT="55.0"
                    WC="0.9898884076139202"></String>
          </TextLine>
          <TextLine ID="eSc_line_908bcb9e"
                    TAGREFS="LT8"
                    BASELINE="80 650 897 653" 
                    HPOS="79.0"
                    VPOS="615.0"
                    WIDTH="818.0"
                    HEIGHT="53.0">
            <Shape><Polygon POINTS="80 650 79 662 240 665 241 665 254 662 266 660 277 662 291 665 292 665 312 662 327 660 366 662 433 666 434 666 435 666 436 666 441 662 444 661 460 662 508 666 509 666 534 662 541 661 551 662 587 666 588 666 589 666 599 662 602 661 607 662 631 667 632 667 633 667 644 662 661 667 662 667 663 668 860 668 860 667 896 661 897 653 896 624 820 617 819 617 818 617 801 624 794 626 785 624 763 617 762 617 761 617 760 617 759 617 749 624 744 627 703 627 691 624 663 617 662 617 661 617 644 624 637 626 620 624 571 616 570 616 569 616 545 624 539 625 526 624 501 620 500 620 499 620 498 620 493 624 489 626 429 626 421 624 387 616 386 616 385 616 369 623 352 615 351 615 276 615 275 615 274 615 262 620 218 615 217 615 216 615 215 615 201 624 199 624 80 624 80 650"/></Shape>
	    <String CONTENT="auiourdhui les Monarques ſont-ils enflambez"
                    HPOS="79.0"
                    VPOS="615.0"
                    WIDTH="818.0"
                    HEIGHT="53.0"
                    WC="0.9956589396609816"></String>
          </TextLine>
          <TextLine ID="eSc_line_85dd5b45"
                    TAGREFS="LT8"
                    BASELINE="80 698 896 702" 
                    HPOS="80.0"
                    VPOS="662.0"
                    WIDTH="816.0"
                    HEIGHT="58.0">
            <Shape><Polygon POINTS="80 698 80 716 127 716 127 715 128 715 129 715 139 708 159 715 162 716 163 716 164 716 175 715 242 708 256 714 257 714 258 714 259 714 271 708 283 713 284 713 285 713 414 709 423 714 425 716 426 716 427 716 428 716 445 714 487 709 501 714 509 717 510 717 511 717 512 717 521 714 529 711 534 714 540 718 541 718 542 718 543 719 578 719 578 718 579 718 580 718 585 714 591 710 648 713 710 717 711 717 712 717 722 713 729 711 746 713 778 717 779 717 780 717 788 713 790 712 796 713 831 719 832 720 852 720 852 719 853 719 854 719 863 713 866 711 894 712 896 702 895 674 668 674 663 672 640 664 639 664 608 664 607 664 606 664 589 671 584 673 553 673 550 671 540 664 539 664 538 664 537 664 486 670 462 663 461 663 460 663 413 670 398 672 387 670 356 663 355 663 354 663 333 668 307 663 306 663 305 663 285 669 279 671 276 669 265 662 264 662 263 662 235 662 234 662 233 662 217 669 211 672 177 672 171 668 159 662 158 662 157 662 131 668 117 671 80 668 80 698"/></Shape>
	    <String CONTENT="par la paillarde Romaine, à perſecuter ceux que"
                    HPOS="80.0"
                    VPOS="662.0"
                    WIDTH="816.0"
                    HEIGHT="58.0"
                    WC="0.9912462991972765"></String>
          </TextLine>
          <TextLine ID="eSc_line_01ac8e0b"
                    TAGREFS="LT8"
                    BASELINE="79 746 897 748" 
                    HPOS="78.0"
                    VPOS="712.0"
                    WIDTH="819.0"
                    HEIGHT="55.0">
            <Shape><Polygon POINTS="79 746 78 755 95 762 96 762 97 762 126 758 136 765 137 765 138 765 139 766 205 766 205 765 206 765 207 765 214 760 259 765 260 765 261 765 285 757 300 763 302 763 303 763 334 757 344 764 345 764 346 764 347 764 348 764 364 757 382 757 407 757 408 757 421 765 422 765 423 765 461 757 462 757 463 757 498 766 499 767 553 767 553 766 554 766 555 766 565 758 626 758 647 765 648 765 649 765 768 760 776 766 777 766 778 766 779 766 896 758 897 748 897 723 872 713 871 713 852 713 851 713 850 713 849 713 836 722 745 717 744 717 743 717 732 722 732 723 669 723 668 722 654 713 653 713 652 713 651 713 594 722 588 723 563 723 561 721 548 713 547 713 546 713 521 713 520 713 519 713 518 713 508 721 506 722 498 721 462 717 461 717 359 720 341 712 340 712 305 712 304 712 303 712 285 720 283 721 279 720 243 712 210 712 209 712 208 712 192 720 190 722 130 722 127 720 117 712 116 712 115 712 114 712 79 719 79 746"/></Shape>
	    <String CONTENT="ils appellent heretiques, ſinon d’autant qu’elle"
                    HPOS="78.0"
                    VPOS="712.0"
                    WIDTH="819.0"
                    HEIGHT="55.0"
                    WC="0.9938367033998171"></String>
          </TextLine>
          <TextLine ID="eSc_line_e0c1d37b"
                    TAGREFS="LT8"
                    BASELINE="80 793 896 797" 
                    HPOS="79.0"
                    VPOS="762.0"
                    WIDTH="817.0"
                    HEIGHT="52.0">
            <Shape><Polygon POINTS="80 793 79 803 134 810 135 810 190 805 199 811 200 811 201 811 202 811 264 806 283 812 284 812 285 812 442 805 447 805 449 805 489 813 490 813 562 808 610 813 611 813 668 806 669 806 707 814 708 814 786 807 839 814 840 814 895 806 896 797 895 773 775 764 774 764 773 764 759 772 758 772 756 772 725 766 724 766 696 772 693 772 692 772 678 763 677 763 676 763 618 763 617 763 616 763 615 763 605 771 604 771 601 771 549 766 548 766 547 766 546 766 540 771 539 772 498 772 496 771 483 762 482 762 481 762 480 762 479 762 451 770 428 762 427 762 383 762 382 762 381 762 365 770 355 770 219 763 218 763 217 763 199 769 198 769 193 769 102 764 101 764 80 768 80 793"/></Shape>
	    <String CONTENT="maintient que c’eſt leur principal deuoir? Com¬"
                    HPOS="79.0"
                    VPOS="762.0"
                    WIDTH="817.0"
                    HEIGHT="52.0"
                    WC="0.9862738505322882"></String>
          </TextLine>
          <TextLine ID="eSc_line_cdd9b722"
                    TAGREFS="LT8"
                    BASELINE="80 842 897 845" 
                    HPOS="80.0"
                    VPOS="806.0"
                    WIDTH="817.0"
                    HEIGHT="57.0">
            <Shape><Polygon POINTS="80 842 81 858 101 853 148 858 171 860 172 860 173 860 182 858 201 853 223 858 236 860 237 860 238 860 245 858 256 853 337 853 365 857 388 860 389 860 415 857 437 854 450 857 473 861 474 861 475 861 492 856 500 854 507 856 519 861 520 861 521 862 568 862 568 861 605 856 619 854 623 856 637 862 638 862 639 863 698 863 698 862 699 862 700 862 709 856 747 860 748 860 749 860 760 855 761 855 788 862 789 862 790 863 868 863 868 862 869 862 896 854 897 845 895 808 856 814 838 808 837 808 836 808 835 808 834 808 833 808 822 816 806 808 805 808 804 808 803 808 799 808 763 815 749 809 747 808 746 808 745 808 744 808 741 809 712 816 670 811 669 811 639 816 626 810 621 807 620 807 619 807 607 810 583 816 413 816 399 811 384 807 383 807 382 807 381 807 368 811 358 815 354 811 348 806 347 806 346 806 315 806 314 806 313 806 299 812 295 814 290 812 277 806 276 806 275 806 248 811 208 806 207 806 206 806 205 806 197 813 195 814 193 813 178 806 177 806 176 806 175 806 160 813 157 814 80 814 80 842"/></Shape>
	    <String CONTENT="me de fait le fondement qu’elle prend eſt treſ¬"
                    HPOS="80.0"
                    VPOS="806.0"
                    WIDTH="817.0"
                    HEIGHT="57.0"
                    WC="0.9941092792977678"></String>
          </TextLine>
          <TextLine ID="eSc_line_2a0f355f"
                    TAGREFS="LT8"
                    BASELINE="81 888 897 893" 
                    HPOS="81.0"
                    VPOS="854.0"
                    WIDTH="816.0"
                    HEIGHT="59.0">
            <Shape><Polygon POINTS="81 888 81 904 202 900 213 904 221 907 222 907 223 907 224 907 236 904 251 900 258 904 261 906 262 906 263 906 264 906 285 904 323 900 329 904 331 906 332 906 333 906 334 906 356 904 392 900 399 904 402 906 403 906 404 906 405 906 463 904 502 902 517 903 571 910 572 910 573 910 597 903 598 903 608 910 609 910 610 910 611 910 653 904 715 910 716 910 756 903 757 903 776 912 777 912 778 913 807 913 807 912 808 912 824 903 835 908 836 908 837 908 896 902 897 893 896 864 808 857 807 857 806 857 805 857 797 863 791 867 780 863 763 857 762 857 761 857 732 863 718 866 711 863 697 856 696 856 661 856 660 856 659 856 638 863 627 866 621 862 611 856 610 856 609 856 570 856 569 856 568 856 556 862 551 865 517 862 491 860 490 860 474 862 451 865 446 862 437 855 436 855 435 855 407 854 356 854 355 854 354 854 339 861 334 864 313 864 310 861 299 854 298 854 297 854 296 854 260 861 244 864 177 864 170 861 149 854 148 854 147 854 146 854 130 861 124 863 81 861 81 888"/></Shape>
	    <String CONTENT="certain, mais auſſi bien appliqué que le reſte"
                    HPOS="81.0"
                    VPOS="854.0"
                    WIDTH="816.0"
                    HEIGHT="59.0"
                    WC="0.9948646946156279"></String>
          </TextLine>
          <TextLine ID="eSc_line_26ee9d02"
                    TAGREFS="LT8"
                    BASELINE="81 935 895 940" 
                    HPOS="80.0"
                    VPOS="899.0"
                    WIDTH="815.0"
                    HEIGHT="55.0">
            <Shape><Polygon POINTS="81 935 80 949 893 954 895 940 895 913 867 903 866 903 865 903 810 908 802 903 801 903 800 903 799 903 798 903 784 910 781 913 755 913 748 910 733 902 732 902 731 902 730 902 713 909 708 912 696 909 661 902 660 902 659 902 658 902 650 908 645 913 623 913 614 907 599 902 598 902 597 902 596 902 581 907 569 912 508 912 502 906 496 901 495 901 494 901 493 901 492 901 480 906 469 910 463 905 460 903 459 903 458 903 406 900 405 900 342 903 247 909 216 902 206 899 205 899 158 899 157 899 156 899 155 899 153 901 141 908 81 900 81 935"/></Shape>
	    <String CONTENT="des Eſcritures de Verité, qu’elle fait ſeruir à ſes"
                    HPOS="80.0"
                    VPOS="899.0"
                    WIDTH="815.0"
                    HEIGHT="55.0"
                    WC="0.992728349172844"></String>
          </TextLine>
          <TextLine ID="eSc_line_72c91350"
                    TAGREFS="LT8"
                    BASELINE="82 983 892 991" 
                    HPOS="81.0"
                    VPOS="947.0"
                    WIDTH="811.0"
                    HEIGHT="61.0">
            <Shape><Polygon POINTS="82 983 81 994 127 1002 128 1002 195 997 213 1003 214 1003 215 1003 216 1003 217 1003 224 998 272 1000 273 1000 274 1000 282 998 293 995 309 998 332 1003 333 1003 334 1003 350 999 354 998 359 999 382 1004 383 1004 434 1000 453 999 458 1000 471 1005 472 1005 473 1005 495 1001 519 997 548 1002 567 1005 568 1005 569 1005 570 1005 573 1002 579 998 600 1003 604 1003 605 1003 610 1003 659 998 689 1004 704 1007 705 1008 730 1008 730 1007 731 1007 732 1007 734 1005 741 1000 765 1005 777 1008 778 1008 800 1006 856 1000 890 1007 892 991 890 962 810 963 795 960 766 953 765 953 764 953 749 959 744 962 680 962 670 957 661 952 660 952 659 952 634 952 633 952 632 952 631 952 625 957 618 962 580 962 572 956 568 952 567 952 566 952 565 952 541 955 502 960 490 954 483 951 482 951 461 951 460 951 459 951 458 951 455 953 445 960 376 955 375 955 335 959 319 951 315 949 314 949 313 949 312 949 307 951 284 958 227 953 225 953 224 953 223 953 215 958 193 949 191 948 190 948 189 948 180 948 136 952 82 947 82 983"/></Shape>
	    <String CONTENT="blaſphemes &amp; impietez. Mais dira quelqu’vn,"
                    HPOS="81.0"
                    VPOS="947.0"
                    WIDTH="811.0"
                    HEIGHT="61.0"
                    WC="0.9984804793845775"></String>
          </TextLine>
          <TextLine ID="eSc_line_e4ac3c75"
                    TAGREFS="LT8"
                    BASELINE="82 1032 897 1036" 
                    HPOS="82.0"
                    VPOS="997.0"
                    WIDTH="815.0"
                    HEIGHT="57.0">
            <Shape><Polygon POINTS="82 1032 83 1050 106 1043 142 1050 148 1051 149 1051 159 1050 212 1043 246 1050 248 1050 249 1050 250 1050 271 1043 316 1048 317 1048 357 1044 382 1050 390 1052 391 1052 392 1053 432 1053 432 1052 433 1052 434 1052 436 1050 444 1045 562 1045 573 1050 581 1053 582 1053 583 1053 584 1053 593 1050 609 1045 631 1050 639 1051 640 1051 671 1050 711 1048 715 1050 724 1054 725 1054 726 1054 775 1050 816 1046 895 1049 897 1036 896 1010 808 1001 807 1001 806 1001 805 1001 795 1008 791 1011 719 1011 696 1006 657 1000 656 1000 655 1000 641 1005 632 1009 566 1004 557 1004 556 1004 555 1004 554 1004 538 1009 510 1003 488 999 455 999 454 999 453 999 451 999 447 1002 438 1009 424 1009 403 1002 402 1002 401 1002 371 1006 357 1001 351 999 350 999 349 999 348 999 341 1001 313 1008 283 1000 276 998 275 998 241 998 240 998 239 998 238 998 237 999 225 1008 129 1008 111 998 110 998 82 997 82 1032"/></Shape>
	    <String CONTENT="De quoi ſert ce long diſcours, n’eſtant queſtion"
                    HPOS="82.0"
                    VPOS="997.0"
                    WIDTH="815.0"
                    HEIGHT="57.0"
                    WC="0.9829947575926781"></String>
          </TextLine>
          <TextLine ID="eSc_line_ced1caa7"
                    TAGREFS="LT8"
                    BASELINE="82 1081 897 1084" 
                    HPOS="81.0"
                    VPOS="1047.0"
                    WIDTH="816.0"
                    HEIGHT="52.0">
            <Shape><Polygon POINTS="82 1081 81 1094 702 1094 735 1098 743 1099 744 1099 764 1098 858 1094 895 1099 897 1084 895 1053 558 1056 541 1050 535 1048 534 1048 533 1048 532 1048 531 1048 529 1050 519 1057 474 1057 462 1049 461 1048 460 1048 459 1048 429 1048 428 1048 427 1048 426 1048 425 1049 415 1057 391 1057 366 1049 363 1048 362 1048 287 1047 286 1047 277 1048 231 1055 191 1047 187 1047 186 1047 185 1047 184 1047 165 1055 139 1047 138 1047 82 1047 82 1081"/></Shape>
	    <String CONTENT="ſi les Rois &amp; Magiſtrats doiuent maintenir la"
                    HPOS="81.0"
                    VPOS="1047.0"
                    WIDTH="816.0"
                    HEIGHT="52.0"
                    WC="0.9946505241923862"></String>
          </TextLine>
          <TextLine ID="eSc_line_350de249"
                    TAGREFS="LT8"
                    BASELINE="84 1128 757 1131 896 1128" 
                    HPOS="82.0"
                    VPOS="1088.0"
                    WIDTH="812.0"
                    HEIGHT="58.0">
            <Shape><Polygon POINTS="83 1127 82 1143 891 1146 894 1127 891 1102 824 1089 785 1102 733 1102 722 1089 657 1089 645 1102 505 1102 494 1089 451 1088 426 1100 371 1100 346 1088 284 1088 275 1098 249 1089 235 1100 188 1100 178 1088 135 1097 126 1089 83 1092 83 1127"/></Shape>
	    <String CONTENT="Pieté: mais ſeulement ſi au cas qu’ils la perſecu¬"
                    HPOS="82.0"
                    VPOS="1088.0"
                    WIDTH="812.0"
                    HEIGHT="58.0"
                    WC="0.9965639289687661"></String>
          </TextLine>
          <TextLine ID="eSc_line_902f98ed"
                    TAGREFS="LT8"
                    BASELINE="84 1175 757 1180 876 1178 893 1174" 
                    HPOS="82.0"
                    VPOS="1140.0"
                    WIDTH="809.0"
                    HEIGHT="60.0">
            <Shape><Polygon POINTS="83 1174 82 1194 283 1197 284 1197 311 1194 349 1188 366 1193 383 1199 384 1199 386 1199 591 1193 635 1191 645 1191 712 1200 713 1200 715 1200 744 1191 745 1191 751 1191 838 1199 839 1199 890 1190 891 1173 883 1141 728 1149 672 1141 670 1141 669 1141 637 1149 594 1141 587 1140 585 1140 579 1141 544 1149 485 1149 476 1141 476 1140 474 1140 473 1140 471 1140 83 1140 83 1174"/></Shape>
	    <String CONTENT="tent, onſe peut oppoſer par les armes? Ie reſ¬"
                    HPOS="82.0"
                    VPOS="1140.0"
                    WIDTH="809.0"
                    HEIGHT="60.0"
                    WC="0.9953626070333563"></String>
          </TextLine>
          <TextLine ID="eSc_line_220e9316"
                    TAGREFS="LT8"
                    BASELINE="86 1225 887 1229" 
                    HPOS="86.0"
                    VPOS="1190.0"
                    WIDTH="801.0"
                    HEIGHT="56.0">
            <Shape><Polygon POINTS="86 1225 86 1242 130 1235 163 1242 170 1243 171 1244 224 1244 224 1243 225 1243 231 1242 254 1235 302 1241 319 1243 320 1243 321 1243 326 1241 332 1238 339 1241 345 1243 346 1243 347 1243 361 1241 388 1236 457 1236 482 1240 512 1245 513 1245 538 1240 550 1237 578 1239 641 1245 642 1245 670 1239 678 1237 687 1239 712 1245 713 1245 714 1245 715 1245 716 1245 724 1239 776 1246 777 1246 816 1238 817 1238 818 1238 858 1244 859 1244 860 1244 886 1237 887 1229 886 1192 853 1192 852 1192 851 1192 850 1192 843 1198 827 1192 826 1192 825 1192 823 1192 775 1197 760 1192 759 1192 758 1192 757 1192 756 1192 733 1201 710 1196 709 1196 684 1200 665 1192 662 1191 661 1191 641 1191 640 1191 639 1191 638 1191 636 1192 625 1200 598 1193 592 1191 591 1191 524 1191 523 1191 522 1191 518 1193 507 1199 494 1193 487 1190 486 1190 485 1190 484 1190 475 1193 458 1199 387 1194 386 1194 385 1194 364 1199 347 1194 337 1190 336 1190 335 1190 334 1190 323 1194 305 1199 254 1194 242 1193 241 1193 240 1193 237 1194 227 1198 86 1195 86 1225"/></Shape>
	    <String CONTENT="pon, que c’eſt autre choſe de planter la Reli¬"
                    HPOS="86.0"
                    VPOS="1190.0"
                    WIDTH="801.0"
                    HEIGHT="56.0"
                    WC="0.9915284851323003"></String>
          </TextLine>
          <TextLine ID="eSc_line_bb686694"
                    TAGREFS="LT8"
                    BASELINE="86 1273 795 1276 869 1277 892 1280" 
                    HPOS="83.0"
                    VPOS="1234.0"
                    WIDTH="808.0"
                    HEIGHT="62.0">
            <Shape><Polygon POINTS="85 1272 83 1292 144 1285 176 1293 226 1287 237 1295 290 1287 319 1295 508 1287 534 1295 553 1287 562 1296 590 1288 692 1296 890 1287 891 1247 782 1237 730 1246 677 1237 629 1246 622 1246 600 1237 514 1244 505 1235 438 1243 426 1235 395 1244 334 1235 269 1235 263 1241 257 1235 249 1235 235 1244 136 1244 109 1234 85 1241 85 1272"/></Shape>
	    <String CONTENT="gion en vn Païs, que de la maintenir y eſtant re¬"
                    HPOS="83.0"
                    VPOS="1234.0"
                    WIDTH="808.0"
                    HEIGHT="62.0"
                    WC="0.9837471902370453"></String>
          </TextLine>
          <TextLine ID="eSc_line_1539906f"
                    TAGREFS="LT8"
                    BASELINE="84 1321 894 1324" 
                    HPOS="82.0"
                    VPOS="1281.0"
                    WIDTH="811.0"
                    HEIGHT="61.0">
            <Shape><Polygon POINTS="83 1320 82 1333 890 1342 893 1323 891 1282 850 1282 839 1295 705 1295 690 1282 600 1290 572 1282 547 1293 518 1282 479 1292 447 1281 412 1281 401 1292 371 1281 317 1282 308 1292 272 1281 243 1292 83 1292 83 1320"/></Shape>
	    <String CONTENT="ceuë, ou la redreſſer quand elle y aura eſté"
                    HPOS="82.0"
                    VPOS="1281.0"
                    WIDTH="811.0"
                    HEIGHT="61.0"
                    WC="0.9868994536607162"></String>
          </TextLine>
          <TextLine ID="eSc_line_0779a673"
                    TAGREFS="LT8"
                    BASELINE="85 1369 823 1373 896 1366" 
                    HPOS="82.0"
                    VPOS="1333.0"
                    WIDTH="812.0"
                    HEIGHT="53.0">
            <Shape><Polygon POINTS="83 1368 82 1380 891 1386 894 1364 893 1345 815 1345 815 1343 806 1336 804 1336 803 1336 801 1336 800 1336 780 1343 777 1343 690 1336 689 1336 540 1342 531 1334 529 1334 527 1334 526 1334 395 1342 392 1342 389 1342 298 1333 296 1333 295 1333 273 1340 130 1333 129 1333 83 1340 83 1368"/></Shape>
	    <String CONTENT="comme enſeuelie, par la conniuence, igno¬"
                    HPOS="82.0"
                    VPOS="1333.0"
                    WIDTH="812.0"
                    HEIGHT="53.0"
                    WC="0.9849034838560151"></String>
          </TextLine>
          <TextLine ID="eSc_line_40dfd85a"
                    TAGREFS="LT8"
                    BASELINE="85 1417 893 1422" 
                    HPOS="84.0"
                    VPOS="1384.0"
                    WIDTH="809.0"
                    HEIGHT="52.0">
            <Shape><Polygon POINTS="85 1417 84 1425 109 1432 110 1432 111 1432 180 1427 188 1432 189 1432 190 1432 191 1432 373 1429 400 1429 412 1429 471 1434 472 1434 473 1434 481 1430 484 1429 511 1431 570 1435 571 1435 604 1432 623 1430 627 1432 631 1435 632 1435 633 1435 634 1435 677 1433 731 1430 750 1434 764 1436 765 1436 789 1434 829 1431 891 1435 893 1422 892 1388 822 1387 821 1387 820 1387 819 1387 818 1388 808 1396 784 1388 783 1388 782 1388 781 1388 780 1388 779 1388 753 1396 732 1388 725 1386 724 1386 700 1386 699 1386 698 1386 693 1388 680 1396 589 1396 571 1389 558 1385 557 1385 556 1385 555 1385 543 1389 532 1393 523 1389 513 1385 512 1385 482 1385 481 1385 480 1385 479 1385 473 1390 465 1394 440 1393 436 1390 431 1385 430 1385 429 1385 428 1385 427 1385 426 1385 418 1390 412 1394 373 1394 366 1390 353 1384 352 1384 351 1384 290 1385 289 1385 279 1391 273 1393 189 1393 186 1391 174 1385 173 1385 172 1385 171 1385 153 1391 148 1392 85 1392 85 1417"/></Shape>
	    <String CONTENT="rance, ou malice des hommes. Ie confeſſe"
                    HPOS="84.0"
                    VPOS="1384.0"
                    WIDTH="809.0"
                    HEIGHT="52.0"
                    WC="0.9989838391542435"></String>
          </TextLine>
          <TextLine ID="eSc_line_9ac21924"
                    TAGREFS="LT8"
                    BASELINE="86 1465 877 1471 900 1477" 
                    HPOS="83.0"
                    VPOS="1422.0"
                    WIDTH="816.0"
                    HEIGHT="66.0">
            <Shape><Polygon POINTS="85 1463 83 1474 327 1485 670 1480 709 1488 897 1480 899 1430 864 1437 832 1428 807 1437 798 1428 760 1428 750 1439 712 1439 695 1427 544 1436 534 1428 436 1434 422 1425 407 1425 317 1433 292 1424 269 1424 138 1433 123 1422 85 1422 85 1463"/></Shape>
	    <String CONTENT="donc qu’elle ſe plante, &amp; accroiſt par le ſeul"
                    HPOS="83.0"
                    VPOS="1422.0"
                    WIDTH="816.0"
                    HEIGHT="66.0"
                    WC="0.9993150247179944"></String>
          </TextLine>
          <TextLine ID="eSc_line_f47f1e3b"
                    TAGREFS="LT8"
                    BASELINE="86 1512 901 1520" 
                    HPOS="83.0"
                    VPOS="1469.0"
                    WIDTH="817.0"
                    HEIGHT="69.0">
            <Shape><Polygon POINTS="85 1510 83 1527 354 1527 392 1535 426 1527 435 1535 486 1529 527 1536 567 1529 652 1536 757 1530 800 1538 899 1530 900 1489 766 1477 689 1477 674 1486 604 1475 537 1485 436 1485 427 1474 394 1483 289 1472 225 1482 171 1472 153 1480 85 1469 85 1510"/></Shape>
	    <String CONTENT="Eſprit de Dieu, ſe ſeruant de la Parolle ordon¬"
                    HPOS="83.0"
                    VPOS="1469.0"
                    WIDTH="817.0"
                    HEIGHT="69.0"
                    WC="0.9956908758650435"></String>
          </TextLine>
          <TextLine ID="eSc_line_424793d6"
                    TAGREFS="LT8"
                    BASELINE="87 1562 899 1562" 
                    HPOS="86.0"
                    VPOS="1527.0"
                    WIDTH="811.0"
                    HEIGHT="61.0">
            <Shape><Polygon POINTS="86 1561 86 1579 226 1577 255 1582 292 1586 293 1586 295 1586 296 1586 302 1582 308 1577 346 1577 357 1582 363 1586 365 1586 366 1586 368 1588 471 1588 471 1586 473 1586 485 1583 505 1579 549 1583 575 1586 576 1586 590 1585 626 1577 643 1585 645 1585 646 1585 648 1585 652 1585 689 1579 786 1586 800 1586 801 1586 806 1586 842 1579 896 1586 897 1561 897 1529 86 1527 86 1561"/></Shape>
	    <String CONTENT="nee à enſeigner, reprendre, &amp; exhorter, eſtant"
                    HPOS="86.0"
                    VPOS="1527.0"
                    WIDTH="811.0"
                    HEIGHT="61.0"
                    WC="0.994992603646948"></String>
          </TextLine>
          <TextLine ID="eSc_line_d5943b39"
                    TAGREFS="LT8"
                    BASELINE="90 1609 810 1614 880 1612 899 1607" 
                    HPOS="89.0"
                    VPOS="1570.0"
                    WIDTH="808.0"
                    HEIGHT="65.0">
            <Shape><Polygon POINTS="89 1608 89 1629 114 1621 187 1630 200 1623 217 1630 479 1624 512 1632 582 1624 640 1635 753 1635 772 1626 862 1633 896 1624 897 1606 893 1583 839 1574 806 1583 774 1574 759 1585 687 1585 664 1574 658 1574 649 1582 642 1573 232 1580 214 1571 193 1579 162 1571 150 1580 114 1570 89 1577 89 1608"/></Shape>
	    <String CONTENT="cela le vrai œuure du Saint Eſprit, par les in¬"
                    HPOS="89.0"
                    VPOS="1570.0"
                    WIDTH="808.0"
                    HEIGHT="65.0"
                    WC="0.9870838028319339"></String>
          </TextLine>
          <TextLine ID="eSc_line_81d15d89"
                    TAGREFS="LT8"
                    BASELINE="90 1656 896 1663" 
                    HPOS="89.0"
                    VPOS="1621.0"
                    WIDTH="807.0"
                    HEIGHT="55.0">
            <Shape><Polygon POINTS="90 1656 89 1668 894 1676 896 1663 895 1632 861 1627 860 1627 859 1627 846 1631 834 1635 825 1631 816 1627 815 1627 814 1627 813 1627 805 1631 799 1634 763 1632 762 1632 761 1632 747 1637 739 1631 738 1631 737 1631 736 1631 718 1634 697 1630 665 1625 664 1625 625 1630 607 1632 598 1630 583 1625 582 1625 581 1625 580 1625 562 1629 540 1636 526 1636 516 1629 509 1624 508 1624 507 1624 486 1624 485 1624 484 1624 483 1624 477 1629 468 1635 421 1635 412 1629 404 1623 403 1623 402 1623 401 1623 400 1623 388 1628 374 1635 327 1635 315 1628 304 1622 303 1622 302 1622 262 1628 231 1633 155 1633 140 1627 125 1621 124 1621 123 1621 90 1626 90 1656"/></Shape>
	    <String CONTENT="ſtrumens ſpirituels. En tel cas doncques le"
                    HPOS="89.0"
                    VPOS="1621.0"
                    WIDTH="807.0"
                    HEIGHT="55.0"
                    WC="0.9985142308612203"></String>
          </TextLine>
          <TextLine ID="eSc_line_908d562e"
                    TAGREFS="LT8"
                    BASELINE="91 1704 857 1711 898 1715" 
                    HPOS="88.0"
                    VPOS="1668.0"
                    WIDTH="809.0"
                    HEIGHT="67.0">
            <Shape><Polygon POINTS="89 1703 88 1726 135 1722 196 1731 251 1722 260 1729 348 1723 362 1734 404 1734 435 1723 444 1732 558 1725 625 1734 632 1726 648 1732 701 1725 716 1735 759 1726 894 1735 897 1714 896 1673 797 1681 772 1673 747 1681 737 1673 531 1679 518 1670 483 1678 441 1670 430 1678 357 1670 340 1676 330 1668 292 1676 252 1668 213 1676 185 1668 89 1673 89 1703"/></Shape>
	    <String CONTENT="deuoir d’vn Prince voulant conuertir ſes ſub¬"
                    HPOS="88.0"
                    VPOS="1668.0"
                    WIDTH="809.0"
                    HEIGHT="67.0"
                    WC="0.9845640116267734"></String>
          </TextLine>
        </TextBlock>
        <TextBlock HPOS="681.0"
                   VPOS="1719.0"
                   WIDTH="36.0"
                   HEIGHT="44.0"
                   ID="eSc_textblock_2784d81d"
                   TAGREFS="BT17">
          <Shape><Polygon POINTS="681 1719 681 1763 717 1763 717 1719"/></Shape>
          <TextLine ID="eSc_line_7586059b"
                    TAGREFS="LT8"
                    BASELINE="684 1761 713 1761" 
                    HPOS="684.0"
                    VPOS="1743.0"
                    WIDTH="29.0"
                    HEIGHT="48.0">
            <Shape><Polygon POINTS="684 1759 684 1761 684 1790 712 1791 713 1761 712 1743 686 1744 684 1759"/></Shape>
	    <String CONTENT="L"
                    HPOS="684.0"
                    VPOS="1743.0"
                    WIDTH="29.0"
                    HEIGHT="48.0"
                    WC="0.9999974966049194"></String>
          </TextLine>
        </TextBlock>
        <TextBlock HPOS="908.0"
                   VPOS="1103.0"
                   WIDTH="168.0"
                   HEIGHT="638.0"
                   ID="eSc_textblock_fc07495a"
                   TAGREFS="BT2584">
          <Shape><Polygon POINTS="909 1103 908 1741 1076 1721 1072 1103"/></Shape>
          <TextLine ID="eSc_line_cf040c68"
                    TAGREFS="LT8"
                    BASELINE="911 1128 1069 1125" 
                    HPOS="908.0"
                    VPOS="1092.0"
                    WIDTH="160.0"
                    HEIGHT="52.0">
            <Shape><Polygon POINTS="1060 1103 1045 1098 1030 1098 1014 1098 999 1098 984 1098 969 1098 953 1098 938 1098 923 1092 908 1092 909 1127 909 1140 1066 1144 1068 1124 1063 1106 1060 1103"/></Shape>
	    <String CONTENT="La Religion"
                    HPOS="908.0"
                    VPOS="1092.0"
                    WIDTH="160.0"
                    HEIGHT="52.0"
                    WC="0.991966036233035"></String>
          </TextLine>
          <TextLine ID="eSc_line_72ad7f2e"
                    TAGREFS="LT8"
                    BASELINE="910 1170 929 1166 1070 1166" 
                    HPOS="908.0"
                    VPOS="1138.0"
                    WIDTH="161.0"
                    HEIGHT="44.0">
            <Shape><Polygon POINTS="909 1168 909 1182 1068 1181 1069 1165 1068 1140 908 1138 909 1168"/></Shape>
	    <String CONTENT="ne doit &amp; ne"
                    HPOS="908.0"
                    VPOS="1138.0"
                    WIDTH="161.0"
                    HEIGHT="44.0"
                    WC="0.9826546659072241"></String>
          </TextLine>
          <TextLine ID="eSc_line_164a2b4b"
                    TAGREFS="LT8"
                    BASELINE="907 1205 1070 1205" 
                    HPOS="907.0"
                    VPOS="1176.0"
                    WIDTH="163.0"
                    HEIGHT="49.0">
            <Shape><Polygon POINTS="907 1205 907 1225 939 1218 998 1218 1005 1221 1012 1225 1013 1225 1014 1225 1070 1218 1070 1205 1070 1183 985 1176 984 1176 983 1176 982 1176 982 1177 976 1181 970 1177 969 1177 968 1177 967 1177 907 1182 907 1205"/></Shape>
	    <String CONTENT="peut ſe plan"
                    HPOS="907.0"
                    VPOS="1176.0"
                    WIDTH="163.0"
                    HEIGHT="49.0"></String>
          </TextLine>
          <TextLine ID="eSc_line_82b02bf4"
                    TAGREFS="LT8"
                    BASELINE="901 1245 1066 1245" 
                    HPOS="901.0"
                    VPOS="1221.0"
                    WIDTH="165.0"
                    HEIGHT="43.0">
            <Shape><Polygon POINTS="901 1245 901 1259 952 1255 956 1258 960 1262 960 1263 961 1263 962 1263 963 1264 995 1264 995 1263 1022 1257 1031 1255 1035 1257 1048 1263 1049 1263 1050 1263 1051 1263 1066 1256 1066 1245 1065 1222 948 1226 901 1221 901 1245"/></Shape>
	    <String CONTENT="ter par ar¬"
                    HPOS="901.0"
                    VPOS="1221.0"
                    WIDTH="165.0"
                    HEIGHT="43.0"></String>
          </TextLine>
          <TextLine ID="eSc_line_88971acc"
                    TAGREFS="LT8"
                    BASELINE="908 1281 932 1284 1067 1284" 
                    HPOS="905.0"
                    VPOS="1255.0"
                    WIDTH="161.0"
                    HEIGHT="49.0">
            <Shape><Polygon POINTS="906 1279 905 1304 1065 1304 1066 1282 1063 1255 906 1257 906 1279"/></Shape>
	    <String CONTENT="mes, ou au¬"
                    HPOS="905.0"
                    VPOS="1255.0"
                    WIDTH="161.0"
                    HEIGHT="49.0"></String>
          </TextLine>
          <TextLine ID="eSc_line_8fdd5a3c"
                    TAGREFS="LT8"
                    BASELINE="908 1324 1058 1325" 
                    HPOS="906.0"
                    VPOS="1292.0"
                    WIDTH="151.0"
                    HEIGHT="50.0">
            <Shape><Polygon POINTS="906 1323 906 1342 1057 1340 1057 1323 1057 1301 984 1292 982 1292 906 1298 906 1323"/></Shape>
	    <String CONTENT="tre force,"
                    HPOS="906.0"
                    VPOS="1292.0"
                    WIDTH="151.0"
                    HEIGHT="50.0"
                    WC="0.9998661398887634"></String>
          </TextLine>
          <TextLine ID="eSc_line_4634cb65"
                    TAGREFS="LT8"
                    BASELINE="910 1365 929 1363 1069 1363" 
                    HPOS="908.0"
                    VPOS="1333.0"
                    WIDTH="160.0"
                    HEIGHT="42.0">
            <Shape><Polygon POINTS="909 1364 909 1375 1068 1375 1068 1361 1065 1333 908 1333 909 1364"/></Shape>
	    <String CONTENT="mais bien e¬"
                    HPOS="908.0"
                    VPOS="1333.0"
                    WIDTH="160.0"
                    HEIGHT="42.0"></String>
          </TextLine>
          <TextLine ID="eSc_line_47bc1048"
                    TAGREFS="LT8"
                    BASELINE="903 1404 1067 1402" 
                    HPOS="902.0"
                    VPOS="1369.0"
                    WIDTH="165.0"
                    HEIGHT="48.0">
            <Shape><Polygon POINTS="903 1404 903 1411 922 1417 923 1417 924 1417 925 1417 935 1412 936 1412 939 1412 969 1417 970 1417 971 1417 980 1413 986 1411 992 1414 999 1416 1000 1416 1001 1416 1019 1414 1049 1411 1065 1415 1067 1402 1066 1381 1034 1369 1033 1369 1032 1369 1031 1369 999 1377 983 1381 969 1375 961 1372 960 1372 902 1372 903 1404"/></Shape>
	    <String CONTENT="ſtant plan¬"
                    HPOS="902.0"
                    VPOS="1369.0"
                    WIDTH="165.0"
                    HEIGHT="48.0"></String>
          </TextLine>
          <TextLine ID="eSc_line_b8f8d409"
                    TAGREFS="LT8"
                    BASELINE="902 1441 1066 1444" 
                    HPOS="901.0"
                    VPOS="1416.0"
                    WIDTH="165.0"
                    HEIGHT="36.0">
            <Shape><Polygon POINTS="902 1441 901 1452 1065 1452 1066 1444 1065 1418 902 1416 902 1441"/></Shape>
	    <String CONTENT="tee &amp; aduo"
                    HPOS="901.0"
                    VPOS="1416.0"
                    WIDTH="165.0"
                    HEIGHT="36.0"
                    WC="0.9700291097164154"></String>
          </TextLine>
          <TextLine ID="eSc_line_5bd11e25"
                    TAGREFS="LT8"
                    BASELINE="910 1479 919 1481 1067 1482" 
                    HPOS="908.0"
                    VPOS="1450.0"
                    WIDTH="158.0"
                    HEIGHT="47.0">
            <Shape><Polygon POINTS="908 1494 1063 1497 1066 1482 1063 1456 938 1457 911 1450 909 1478 908 1494"/></Shape>
	    <String CONTENT="ee par au"
                    HPOS="908.0"
                    VPOS="1450.0"
                    WIDTH="158.0"
                    HEIGHT="47.0"
                    WC="0.9962433642811246"></String>
          </TextLine>
          <TextLine ID="eSc_line_126e4f84"
                    TAGREFS="LT8"
                    BASELINE="911 1520 1063 1521" 
                    HPOS="909.0"
                    VPOS="1485.0"
                    WIDTH="153.0"
                    HEIGHT="51.0">
            <Shape><Polygon POINTS="909 1520 909 1532 1060 1536 1062 1520 1062 1492 1042 1485 1040 1485 1039 1485 946 1492 923 1485 922 1485 920 1485 918 1485 917 1485 909 1489 909 1520"/></Shape>
	    <String CONTENT="thorité pu"
                    HPOS="909.0"
                    VPOS="1485.0"
                    WIDTH="153.0"
                    HEIGHT="51.0"></String>
          </TextLine>
          <TextLine ID="eSc_line_64ecf0b6"
                    TAGREFS="LT8"
                    BASELINE="911 1562 1059 1562" 
                    HPOS="909.0"
                    VPOS="1524.0"
                    WIDTH="149.0"
                    HEIGHT="58.0">
            <Shape><Polygon POINTS="909 1561 909 1573 938 1582 940 1582 941 1582 990 1579 1039 1574 1055 1582 1058 1561 1057 1526 953 1532 909 1524 909 1561"/></Shape>
	    <String CONTENT="blique, ſe"
                    HPOS="909.0"
                    VPOS="1524.0"
                    WIDTH="149.0"
                    HEIGHT="58.0"
                    WC="0.9998450338840484"></String>
          </TextLine>
          <TextLine ID="eSc_line_2d4340dc"
                    TAGREFS="LT8"
                    BASELINE="915 1604 923 1602 1065 1599" 
                    HPOS="912.0"
                    VPOS="1567.0"
                    WIDTH="151.0"
                    HEIGHT="53.0">
            <Shape><Polygon POINTS="914 1603 914 1620 981 1611 1060 1614 1063 1597 1058 1567 912 1573 914 1603"/></Shape>
	    <String CONTENT="peut main"
                    HPOS="912.0"
                    VPOS="1567.0"
                    WIDTH="151.0"
                    HEIGHT="53.0"></String>
          </TextLine>
          <TextLine ID="eSc_line_d689c89f"
                    TAGREFS="LT8"
                    BASELINE="908 1640 1057 1638" 
                    HPOS="907.0"
                    VPOS="1614.0"
                    WIDTH="150.0"
                    HEIGHT="41.0">
            <Shape><Polygon POINTS="908 1640 908 1652 943 1648 950 1650 963 1655 964 1655 965 1655 966 1655 986 1649 991 1647 992 1648 998 1653 998 1654 999 1654 1000 1654 1001 1655 1027 1655 1027 1654 1028 1654 1057 1645 1057 1638 1052 1614 1043 1619 1038 1615 1038 1614 1037 1614 1036 1614 1035 1614 1009 1616 980 1619 970 1619 918 1614 917 1614 916 1614 915 1614 907 1619 908 1640"/></Shape>
	    <String CONTENT="tenir par"
                    HPOS="907.0"
                    VPOS="1614.0"
                    WIDTH="150.0"
                    HEIGHT="41.0"
                    WC="0.9998819364441766"></String>
          </TextLine>
          <TextLine ID="eSc_line_3b04da5c"
                    TAGREFS="LT8"
                    BASELINE="908 1679 1061 1679" 
                    HPOS="908.0"
                    VPOS="1650.0"
                    WIDTH="153.0"
                    HEIGHT="43.0">
            <Shape><Polygon POINTS="908 1679 908 1693 1061 1691 1061 1679 1061 1656 1045 1650 1044 1650 1043 1650 990 1656 967 1650 966 1650 965 1650 964 1650 963 1650 956 1657 908 1657 908 1679"/></Shape>
	    <String CONTENT="ceux qu’il a"
                    HPOS="908.0"
                    VPOS="1650.0"
                    WIDTH="153.0"
                    HEIGHT="43.0"
                    WC="0.9943287571271261"></String>
          </TextLine>
          <TextLine ID="eSc_line_57baea76"
                    TAGREFS="LT8"
                    BASELINE="915 1717 920 1717 1037 1717" 
                    HPOS="914.0"
                    VPOS="1693.0"
                    WIDTH="122.0"
                    HEIGHT="51.0">
            <Shape><Polygon POINTS="914 1716 914 1744 1036 1738 1036 1716 1036 1693 914 1693 914 1716"/></Shape>
	    <String CONTENT="partient."
                    HPOS="914.0"
                    VPOS="1693.0"
                    WIDTH="122.0"
                    HEIGHT="51.0"
                    WC="0.9992657634947035"></String>
          </TextLine>
        </TextBlock>
      </PrintSpace>
    </Page>
  </Layout>
</alto>
