1132 1824
442.0 135.0 55.0 55.0 49

54.0 179.0 823.0 61.0 quelle auſſi l’an 812 il fit Louïs ſon fils heritier

50.0 231.0 828.0 53.0 de ſon Empire, ordonnant meſmes par teſtamẽt

54.0 279.0 825.0 58.0 (ce qui eſt fort notable, & qui pourroit ſeul de¬

51.0 327.0 828.0 57.0 cider la preſente queſtion) teſmoin Iean Nau¬

53.0 374.0 825.0 51.0 clerus, qui nous a laiſſé la teneur dudit Teſta¬

51.0 422.0 828.0 59.0 ment, que le peuple (c’eſt à dire les Eſtats) eſleuſt

55.0 473.0 823.0 54.0 qui conques lui ſeroit agreable des fils de ſes en¬

53.0 521.0 824.0 54.0 fans, commandant aux oncles qui ſeroient lors

53.0 568.0 825.0 55.0 ſuruiuans, d’acquieſcer à telle election. Et tel e¬

55.0 615.0 824.0 55.0 ſtoit alors le ſermẽt des Rois de France, teſmoin

54.0 662.0 823.0 59.0 Aymoinus, faiſant ainſi parler Charles le Chau¬

57.0 714.0 820.0 57.0 ue: Puis que vous m’auez eſleu pour vous regir,

58.0 761.0 818.0 56.0 & gouuerner, ſachez que ma deliberation eſt,

56.0 806.0 821.0 55.0 moiennant l’aide de Dieu, de maintenir l’hon¬

56.0 852.0 823.0 61.0 neur & ſeruice de Dieu, & des ſaintes Egliſes, &

58.0 905.0 822.0 53.0 pareillement d’honnorer, garder, & honnora¬

57.0 953.0 815.0 53.0 blement tenir vn chacun de vous en ſon reng

58.0 1000.0 822.0 57.0 d’honneur, & en ſa perſonne, tant que ie ſaurai

60.0 1046.0 817.0 59.0 & pourrai faire, & garder à vn chacũ ſon degré,

59.0 1092.0 816.0 60.0 droit & iuſtice, tant és affaires eccleſiaſtiques,

63.0 1142.0 817.0 56.0 que celles de ce ſiecle, à ce que l’honneur deu au

61.0 1189.0 819.0 57.0 Roi auec toute deuë obeiſſance, & aide pour

61.0 1241.0 820.0 49.0 maintenir & conſeruer le Roiaume qui m’a eſté

61.0 1288.0 818.0 56.0 commis de Dieu, me ſoit rendu par vn chacun

62.0 1332.0 817.0 60.0 de vous ſelon ſon degré, dignité & poſſibilité,

61.0 1384.0 821.0 56.0 comme vos anceſtres l’ont iuſtement, loiale¬

61.0 1430.0 821.0 56.0 ment & raiſonnablemẽt promis. Et que les meſ¬

60.0 1478.0 824.0 57.0 mes Eſtats aient le pouuoir de demettre celui

66.0 1528.0 819.0 56.0 qu’ils auoient eſleu aiant meffait, il en appert

68.0 1576.0 816.0 58.0 par exemples, aiant eſté ainſi demis pour ſes in¬

69.0 1622.0 817.0 59.0 ſolẽces & paillardiſes Childeric, auquel fut ſub¬

68.0 1668.0 818.0 68.0 ſtitué Gilon, n’eſtant touteſ-fois de la race de

672.0 1738.0 13.0 53.0 G
