1132 1824
474.0 158.0 41.0 39.0 13

62.0 191.0 861.0 64.0 fraude vſurpent vne puiſſance qui ne leur appar¬

62.0 244.0 866.0 56.0 tient de droit. Ory a-il deux ſortes de tels Tyrans:

68.0 291.0 855.0 58.0 car les vns vſurpent ceſte puiſſance ſur leurs conci¬

62.0 337.0 863.0 55.0 toiens, contre les loix poſees & receuës, ainſi que

65.0 387.0 864.0 56.0 Ceſar oppreſſa la republique Romaine ſous le nõ

65.0 433.0 864.0 59.0 feint de Dictateur perpetuel: comme auſſi princi¬

62.0 483.0 863.0 59.0 palement en la Grece pluſieurs Tyrans ont oppri¬

59.0 533.0 869.0 52.0 mé la liberté de leur patrie. Il y en a d’autres qui nõ

61.0 579.0 867.0 53.0 contẽts de leurs contrees où ils ſeigneurient à bon

60.0 621.0 868.0 69.0 droit, eſtendent leurs limites aux deſpens de la li¬

64.0 673.0 866.0 62.0 berté de leurs voiſins: qui eſt vn moien par lequel

60.0 717.0 872.0 71.0 les monarchies ſont paruenues à telle grãdeur dés

62.0 770.0 867.0 64.0 le commencement du monde: teſmoin ce que

65.0 813.0 864.0 62.0 l’Eſcriture nous recite de Nimrod: comme auſſi

65.0 866.0 861.0 59.0 nous voions que les Iſraëlites ont eſté ſouuent op¬

66.0 915.0 859.0 56.0 preſſez par les peuples circonuoiſins. Ie di dõques

65.0 962.0 864.0 65.0 quant à ces Tyrans, que puis qu’ils n’auoient nul

65.0 1011.0 865.0 59.0 droit ſur le peuple de Dieu, les Iſraëlites outre ce

68.0 1050.0 864.0 73.0 qu’ils ne deuoient obeir aux edits irreligieux de

65.0 1098.0 864.0 70.0 telles nations, ont peu & deu oppoſer vne iuſte de¬

65.0 1150.0 863.0 64.0 fenſe à leur iniuſte violẽce: & que par cõſequẽt les

68.0 1202.0 864.0 64.0 chefs des Tributs ont grandemẽt failli quand d’vn

68.0 1250.0 863.0 63.0 commun accord ils ne ſe ſont oppoſez aux eſtran¬

71.0 1299.0 858.0 61.0 gers pour leur patrie, ſ'ils en ont eu les moiens: car

69.0 1348.0 864.0 58.0 c’eſt vne choſe toute notoire par tout droit diuin

71.0 1395.0 863.0 58.0 & humain, qu’vn chacun particulier meſmes doit

72.0 1441.0 861.0 60.0 ſecourir ſa patrie offenſee de tout ſon pouuoir, ſur

71.0 1492.0 862.0 59.0 tout quãd il eſt queſtiõ de la Religion & de la liber

73.0 1540.0 861.0 61.0 té tout enſemble. Et pour certain ceſt eſcumeur de

72.0 1588.0 861.0 59.0 mer diſoit verité, lequel eſtant prins & mené vers

74.0 1637.0 859.0 53.0 Alexandre le grand, lui oſa dire ces mots, Quelle

77.0 1685.0 855.0 66.0 differẽce y a-il entre toi & moi, ſinon que tu pilles

672.0 1737.0 73.0 61.0 B 3

937.0 205.0 129.0 45.0 per domi

935.0 237.0 137.0 48.0 tion ſur le

937.0 278.0 138.0 45.0 concitoie

938.0 319.0 133.0 47.0 ou autres

937.0 357.0 138.0 53.0 ſubiets à

944.0 839.0 128.0 65.0 Gene.10.
