1132 1824
627.0 139.0 49.0 46.0 70

237.0 177.0 825.0 59.0 emple de Dauid ſoit repugnãt à ce que ci deſſus,

239.0 230.0 819.0 54.0 qu’au contraire il eſt manifeſtement pour nous,

237.0 277.0 827.0 53.0 attendu que Dauid a tellement euité la fureur

236.0 324.0 828.0 56.0 de Saül, que ce pendant il ſ’eſt muni de gens de

237.0 374.0 826.0 54.0 guerre: deſquels ſans point de doute, il ſe fuſt ſer

236.0 418.0 828.0 59.0 ui plus auant qu’il n’a fait, ſi Dieu l’euſt amené à

235.0 470.0 828.0 53.0 ceſte neceſſité de tirer l’eſpee à bon eſcient, pour

235.0 517.0 828.0 57.0 empeſcher la violence qui lui eſtoit faitte, &

234.0 566.0 829.0 53.0 maintenir la vie, tant de ſoi que des ſiens. Et

236.0 614.0 826.0 57.0 quant à ce qu’il a eſpargné le Tyran (l’aiant entre

235.0 663.0 827.0 51.0 ſes mains) il a fait en cela ſon deuoir, d’autant

237.0 709.0 823.0 55.0 que Saül eſtoit aſſis encores au Throſne Roial:

238.0 760.0 822.0 50.0 & lui ne les ſiens n’auoient l’authorité de lui o¬

236.0 808.0 825.0 52.0 ſter le Roiaume, ne la vie: ains appartenoit cela

237.0 855.0 822.0 53.0 à Dieu & aux Eſtats du Roiaume, deſquels ci¬

235.0 901.0 823.0 54.0 deſſus nous auons parlé. Or c’eſt bien autre cho

235.0 948.0 820.0 57.0 ſe, de ſe defendre d’vn Tyran, ſoit par Iuſtice,

236.0 998.0 822.0 54.0 ſoit par la voie defenſiue des armes, que d’entre¬

238.0 1046.0 821.0 57.0 prendre à ſon eſcient ſur la vie ou ſur l’eſtat du

246.0 1102.0 132.0 49.0 Tyran.

285.0 1141.0 773.0 59.0 On allegue plus outre Que Sedechias Roi de

246.0 1187.0 811.0 57.0 Iuda, eſt treſ-aigrement reprins & chaſtié de ce

246.0 1235.0 811.0 58.0 que contre ſon ſerment il ſ'eſtoit deſtourné de

240.0 1286.0 817.0 56.0 l’obeiſſance du Roi des Chaldeens, qui touteſ¬

241.0 1335.0 817.0 54.0 fois n’eſtoit legitime Roi de Iudee, ains treſ-ma

236.0 1383.0 821.0 55.0 nifeſte vſurpateur de l’autrui. Comment donc

236.0 1431.0 819.0 56.0 ſera-il plus permis aux ſubiets contre leur legiti¬

235.0 1481.0 823.0 54.0 me Roi deuenu Tyran? Ie reſpon quant à ceſt

235.0 1528.0 824.0 57.0 exemple, Que Sedechias & ſon peuple eſtoient

235.0 1577.0 818.0 54.0 aſſubiettis par expres commandement de Dieu,

235.0 1624.0 819.0 50.0 & auec ſerment, au Roi des Chaldeens, qui auſſi

234.0 1670.0 820.0 61.0 ne leur auoit baillé aucune iuſte occaſion de lui

86.0 1123.0 147.0 43.0 Sedechias

81.0 1164.0 156.0 45.0 a deu ſe re

76.0 1202.0 156.0 48.0 eller cõtre

101.0 1240.0 128.0 47.0 Roi des

80.0 1278.0 143.0 52.0 Chaldeens.

80.0 1324.0 151.0 42.0 .Chr.36.13.

80.0 1364.0 151.0 47.0 Ezech.17.12.

82.0 1407.0 54.0 56.0 .14.
