1132 1824
432.0 144.0 51.0 49.0 7

44.0 177.0 839.0 60.0 deuant, non ſeulement ne ſe ſont abſtenus de

43.0 235.0 837.0 54.0 preſcher l’Euangile, mais au contraire n’ont ceſ¬

43.0 284.0 836.0 53.0 ſé de preſcher tant plus courageuſement, aians

42.0 325.0 841.0 61.0 receu ceſte expreſſe commiſſiõ du Seigneur, Al¬

42.0 382.0 837.0 52.0 lez, preſchez. Ainſi auiourd’hui que nous voi¬

42.0 425.0 839.0 57.0 ons tãt de magiſtrats enſorcelez par l’Antechriſt

43.0 476.0 837.0 51.0 Romain, commãder à leurs ſubiets de ſe trouuer

43.0 520.0 837.0 58.0 à ceſt execrable ſeruice de meſſe, Le deuoir de

43.0 570.0 836.0 55.0 tous fideles eſt non ſeulement de ne leur obeir

43.0 617.0 837.0 58.0 en cela, mais auſſi à l’exemple d’Elie & d’Eliſee

44.0 668.0 835.0 57.0 & de toute l’ancienne, vraie & pure Egliſe, de ſe

43.0 717.0 836.0 55.0 trouuer aux ſaintes aſſemblees pour ouir la pa¬

42.0 766.0 837.0 53.0 rolle de Dieu, & participer aux Sacrements, com

42.0 809.0 837.0 59.0 me le Seigneur a commandé qu’il ſoit fait en ſon

42.0 857.0 834.0 56.0 Egliſe. Le meſme doit eſtre obſerué en ce que les

42.0 908.0 837.0 55.0 hommes doiuent aux hommes en general, par le

43.0 953.0 834.0 56.0 droit de Dieu & de nature, aſſauoir les enfans à

42.0 1000.0 834.0 59.0 leurs peres, la femme au mari, les paſteurs à leur

43.0 1050.0 834.0 59.0 troupeau, bref le prochain au prochain:tous leſ¬

43.0 1099.0 834.0 57.0 quels deuoirs (entant qu’ils ne contreuiennent à

43.0 1147.0 826.0 58.0 ce que nous deuõs à Dieu qui eſt trop plus grãd)

41.0 1193.0 835.0 56.0 il nous faut rendre fidelement ſans en eſtre de¬

43.0 1243.0 833.0 58.0 tournez par aucuns Edits, menaces, ni peines i¬

41.0 1293.0 288.0 52.0 niques d’aucun.

74.0 1342.0 800.0 56.0 Sur ceci on demãde plus outre, Que c’eſt qu’vn

42.0 1389.0 825.0 53.0 homme doit faire en bonne conſcience, cas ad¬

39.0 1434.0 828.0 58.0 uenant qu’au lieu de le vouloir faire executeur

42.0 1475.0 828.0 64.0 d’vne choſe mauuaiſe, l’iniquité des magiſtrats

45.0 1527.0 829.0 64.0 ſ'addreſſe contre lui-meſmes. Ie reſpon que ceſte

47.0 1582.0 826.0 58.0 queſtion a pluſieurs membres, & pourtant il faut

41.0 1623.0 832.0 61.0 ici vſer de diſtinction: Si doncques le magiſtrat

40.0 1673.0 833.0 66.0 qui fait tort à ſon ſubiet eſt ſous quelqu’autre ſou

887.0 171.0 82.0 67.0 Act.5

890.0 325.0 170.0 62.0 Matth.28.19

883.0 1345.0 172.0 42.0 Le ſubiet of¬

877.0 1383.0 180.0 42.0 fenſé par le

878.0 1421.0 180.0 52.0 Magiſtrat in

877.0 1459.0 178.0 49.0 ferieur doit

882.0 1500.0 148.0 48.0 auoir re¬

885.0 1541.0 170.0 55.0 cours au ſu¬

885.0 1582.0 114.0 58.0 perieur.
