<?xml version="1.0" encoding="UTF-8"?>
<alto xmlns:xsi="http://www.w3.org/2001/XMLSchema-instance"
      xmlns="http://www.loc.gov/standards/alto/ns-v4#"
      xsi:schemaLocation="http://www.loc.gov/standards/alto/ns-v4# http://www.loc.gov/standards/alto/v4/alto-4-2.xsd">
  <Description>
    <MeasurementUnit>pixel</MeasurementUnit>
    <sourceImageInformation>
      <fileName>47_1b994_default.jpg</fileName>
      <fileIdentifier>mets//83_796e0_default.zip/47_1b994_default.jpg</fileIdentifier>
    </sourceImageInformation>
  </Description>
  <Tags>
    <OtherTag ID="BT7" LABEL="CustomZone" DESCRIPTION="block type CustomZone"/><OtherTag ID="BT8" LABEL="DamageZone" DESCRIPTION="block type DamageZone"/><OtherTag ID="BT9" LABEL="DigitizationArtefactZone" DESCRIPTION="block type DigitizationArtefactZone"/><OtherTag ID="BT10" LABEL="DropCapitalZone" DESCRIPTION="block type DropCapitalZone"/><OtherTag ID="BT11" LABEL="GraphicZone" DESCRIPTION="block type GraphicZone"/><OtherTag ID="BT12" LABEL="MainZone" DESCRIPTION="block type MainZone"/><OtherTag ID="BT13" LABEL="MarginTextZone" DESCRIPTION="block type MarginTextZone"/><OtherTag ID="BT14" LABEL="MusicZone" DESCRIPTION="block type MusicZone"/><OtherTag ID="BT15" LABEL="NumberingZone" DESCRIPTION="block type NumberingZone"/><OtherTag ID="BT17" LABEL="QuireMarksZone" DESCRIPTION="block type QuireMarksZone"/><OtherTag ID="BT18" LABEL="RunningTitleZone" DESCRIPTION="block type RunningTitleZone"/><OtherTag ID="BT19" LABEL="SealZone" DESCRIPTION="block type SealZone"/><OtherTag ID="BT20" LABEL="StampZone" DESCRIPTION="block type StampZone"/><OtherTag ID="BT21" LABEL="TableZone" DESCRIPTION="block type TableZone"/><OtherTag ID="BT22" LABEL="TitlePageZone" DESCRIPTION="block type TitlePageZone"/><OtherTag ID="BT2582" LABEL="MainZone-Head" DESCRIPTION="block type MainZone-Head"/><OtherTag ID="BT2583" LABEL="MainZone-P" DESCRIPTION="block type MainZone-P"/><OtherTag ID="BT2584" LABEL="MarginTextZone-Notes" DESCRIPTION="block type MarginTextZone-Notes"/><OtherTag ID="BT2585" LABEL="MainZone-Continued" DESCRIPTION="block type MainZone-Continued"/>
    <OtherTag ID="LT7" LABEL="CustomLine" DESCRIPTION="line type CustomLine"/><OtherTag ID="LT8" LABEL="DefaultLine" DESCRIPTION="line type DefaultLine"/><OtherTag ID="LT9" LABEL="DropCapitalLine" DESCRIPTION="line type DropCapitalLine"/><OtherTag ID="LT10" LABEL="HeadingLine" DESCRIPTION="line type HeadingLine"/><OtherTag ID="LT11" LABEL="InterlinearLine" DESCRIPTION="line type InterlinearLine"/><OtherTag ID="LT12" LABEL="MusicLine" DESCRIPTION="line type MusicLine"/>
  </Tags>
  <Layout>
    <Page WIDTH="1132"
          HEIGHT="1824"
          PHYSICAL_IMG_NR="47"
          ID="eSc_dummypage_">
      <PrintSpace HPOS="0"
                  VPOS="0"
                  WIDTH="1132"
                  HEIGHT="1824">
        <TextBlock HPOS="650.0"
                   VPOS="144.0"
                   WIDTH="61.0"
                   HEIGHT="45.0"
                   ID="eSc_textblock_7e98998e"
                   TAGREFS="BT15">
          <Shape><Polygon POINTS="650 144 650 189 711 189 711 144"/></Shape>
          <TextLine ID="eSc_line_c6e05727"
                    TAGREFS="LT8"
                    BASELINE="653 178 707 178" 
                    HPOS="653"
                    VPOS="145"
                    WIDTH="54"
                    HEIGHT="52">
            <Shape><Polygon POINTS="694 147 684 146 680 145 653 158 653 178 653 197 707 188 707 178 707 150 699 147 694 147"/></Shape>
	    <String CONTENT="48"
                    HPOS="653"
                    VPOS="145"
                    WIDTH="54"
                    HEIGHT="52"
                    WC="0.9998953640460968"></String>
          </TextLine>
        </TextBlock>
        <TextBlock HPOS="266.0"
                   VPOS="195.0"
                   WIDTH="840.0"
                   HEIGHT="1549.0"
                   ID="eSc_textblock_99e27c7f"
                   TAGREFS="BT2585">
          <Shape><Polygon POINTS="268 195 266 1744 1105 1727 1106 202"/></Shape>
          <TextLine ID="eSc_line_95ec9509"
                    TAGREFS="LT8"
                    BASELINE="257 228 1100 228" 
                    HPOS="257"
                    VPOS="190"
                    WIDTH="843"
                    HEIGHT="55">
            <Shape><Polygon POINTS="1098 203 1088 201 1078 201 1036 201 1030 199 1027 199 1017 199 1007 198 997 198 993 198 982 200 973 197 966 197 956 197 949 196 938 200 858 195 857 195 856 195 840 200 814 192 814 192 804 191 801 191 761 200 741 190 740 190 719 190 718 190 717 190 716 190 705 198 688 192 687 192 686 192 685 192 659 200 643 190 642 190 641 190 581 190 580 190 579 190 561 200 533 200 515 190 514 190 513 190 462 190 461 190 460 190 438 201 332 201 316 190 315 190 314 190 279 190 278 190 277 190 257 200 257 228 257 236 312 244 313 244 394 237 397 237 410 237 437 237 448 244 449 244 450 244 451 244 504 237 507 237 520 244 521 244 522 244 626 237 639 237 763 237 765 238 774 244 775 244 776 244 777 245 895 245 895 244 925 238 931 237 938 238 962 243 963 243 1001 238 1014 237 1099 238 1100 228 1100 207 1098 203"/></Shape>
	    <String CONTENT="ſubiets aux Eſtats de leurs Peuples, par ces mots"
                    HPOS="257"
                    VPOS="190"
                    WIDTH="843"
                    HEIGHT="55"
                    WC="0.9886814051744889"></String>
          </TextLine>
          <TextLine ID="eSc_line_847ba6ef"
                    TAGREFS="LT8"
                    BASELINE="270 275 1100 275" 
                    HPOS="270"
                    VPOS="242"
                    WIDTH="830"
                    HEIGHT="50">
            <Shape><Polygon POINTS="270 275 270 292 294 292 294 291 295 291 313 283 328 291 329 291 330 291 331 291 335 291 366 286 407 290 419 291 420 291 421 291 423 290 434 285 447 290 451 291 453 291 454 291 455 291 459 290 472 285 494 289 505 291 506 291 507 291 508 291 511 289 521 283 565 289 571 289 572 289 586 288 649 284 659 288 666 290 667 290 668 290 669 290 674 287 681 285 686 287 695 291 696 291 697 292 756 292 756 291 757 291 773 287 786 283 848 283 855 286 871 291 872 291 873 291 979 284 1009 283 1025 284 1081 289 1082 289 1083 289 1100 283 1100 275 1100 251 1047 242 1046 242 1006 243 1005 243 988 250 987 250 953 250 947 250 931 242 930 242 888 242 887 242 886 242 885 242 877 248 848 242 847 242 776 243 775 243 774 243 766 249 763 251 688 251 671 248 632 242 631 242 578 247 550 250 270 246 270 275"/></Shape>
	    <String CONTENT="prononcez en vne harangue d’Ambiorix Roi"
                    HPOS="270"
                    VPOS="242"
                    WIDTH="830"
                    HEIGHT="50"
                    WC="0.9989725559949875"></String>
          </TextLine>
          <TextLine ID="eSc_line_3d5ca14c"
                    TAGREFS="LT8"
                    BASELINE="267 327 1103 323" 
                    HPOS="266"
                    VPOS="286"
                    WIDTH="837"
                    HEIGHT="55">
            <Shape><Polygon POINTS="267 327 267 335 428 341 429 341 430 341 431 341 439 335 441 335 475 341 476 341 517 340 518 340 519 340 526 335 529 334 569 335 692 338 693 338 709 334 716 333 722 334 738 339 739 339 740 339 741 339 757 334 762 333 833 333 838 334 854 339 855 339 856 339 911 334 924 333 931 334 950 337 951 337 952 337 953 337 957 334 960 332 972 334 1000 338 1001 338 1103 333 1103 323 1100 295 1064 295 1063 295 1050 286 1049 286 1048 286 927 286 926 286 925 286 924 286 912 296 888 296 851 296 850 296 835 290 834 290 833 290 798 296 766 287 765 287 764 287 763 287 741 296 689 291 688 291 687 291 686 291 686 292 681 297 625 297 512 288 511 288 510 288 491 298 390 298 371 289 370 289 369 289 324 295 286 289 285 289 284 289 266 298 267 327"/></Shape>
	    <String CONTENT="des Liegeois, Nos commandemens, dit-il, ſont"
                    HPOS="266"
                    VPOS="286"
                    WIDTH="837"
                    HEIGHT="55"
                    WC="0.9975034445524216"></String>
          </TextLine>
          <TextLine ID="eSc_line_7fa26ea4"
                    TAGREFS="LT8"
                    BASELINE="267 374 1094 370" 
                    HPOS="266"
                    VPOS="333"
                    WIDTH="828"
                    HEIGHT="59">
            <Shape><Polygon POINTS="267 374 267 392 311 386 381 392 386 392 387 392 388 392 389 392 400 384 454 392 459 392 460 392 545 391 546 391 547 391 559 382 606 390 607 390 652 382 690 387 691 387 692 387 693 387 703 381 767 381 798 389 799 389 800 389 801 389 802 389 812 382 961 380 1031 386 1032 386 1054 382 1092 389 1094 370 1092 333 1032 333 1031 333 1030 333 1027 334 1000 342 987 334 986 333 985 333 984 333 950 333 949 333 948 333 947 333 945 335 933 343 884 344 800 344 781 338 768 334 767 334 766 334 765 334 751 338 736 343 706 339 673 335 638 335 637 335 636 335 626 340 624 341 622 340 605 335 604 335 602 335 601 335 600 335 591 341 587 343 578 341 551 335 550 335 549 335 536 342 531 345 471 346 451 346 448 343 438 336 437 336 436 336 435 336 434 336 415 344 412 346 373 346 368 345 309 336 308 336 307 336 306 336 289 346 266 346 267 374"/></Shape>
	    <String CONTENT="tels, que le peuple (aſſauoir deument aſſemblé)"
                    HPOS="266"
                    VPOS="333"
                    WIDTH="828"
                    HEIGHT="59"
                    WC="0.9889959283173084"></String>
          </TextLine>
          <TextLine ID="eSc_line_57bb6a76"
                    TAGREFS="LT8"
                    BASELINE="266 422 1102 418" 
                    HPOS="265"
                    VPOS="384"
                    WIDTH="837"
                    HEIGHT="54">
            <Shape><Polygon POINTS="266 422 266 436 353 431 385 435 408 438 409 438 428 435 448 431 457 434 463 437 464 437 465 437 480 434 500 430 507 434 513 437 514 437 515 438 626 438 626 437 661 432 684 429 698 432 716 435 717 435 718 435 726 431 732 429 779 429 783 431 795 436 796 436 797 437 877 437 877 436 878 436 890 429 893 428 908 429 946 433 947 433 977 428 983 428 986 428 1015 435 1016 435 1064 428 1085 435 1086 435 1087 435 1088 435 1102 427 1102 418 1101 392 1077 384 1076 384 1075 384 1045 389 992 384 991 384 990 384 966 392 963 394 883 394 877 392 864 388 863 388 862 388 861 388 850 393 846 395 743 395 739 393 719 385 718 385 684 385 683 385 682 385 653 393 645 395 638 393 611 386 610 386 580 386 579 386 578 386 563 394 562 394 555 394 524 390 523 390 522 390 512 394 509 395 507 394 496 386 495 386 494 386 474 386 473 386 472 386 453 394 450 395 448 394 441 389 440 389 439 389 438 389 413 394 402 396 265 395 266 422"/></Shape>
	    <String CONTENT="n’a moins de puiſſance ſur moi, que moi ſur le"
                    HPOS="265"
                    VPOS="384"
                    WIDTH="837"
                    HEIGHT="54"
                    WC="0.9841564815977345"></String>
          </TextLine>
          <TextLine ID="eSc_line_d3690dff"
                    TAGREFS="LT8"
                    BASELINE="267 472 1100 466" 
                    HPOS="266"
                    VPOS="430"
                    WIDTH="834"
                    HEIGHT="59">
            <Shape><Polygon POINTS="267 472 267 489 356 488 357 488 358 488 372 478 407 478 430 487 432 487 433 487 434 487 435 487 436 487 436 486 449 478 470 484 471 484 472 484 498 479 510 485 511 485 512 485 513 485 514 485 524 478 550 484 551 484 552 484 553 484 585 477 618 483 620 483 621 483 629 483 723 476 732 481 740 485 741 485 742 486 764 486 764 485 765 485 775 480 781 477 819 476 837 479 864 484 865 484 925 478 943 483 944 483 945 483 946 483 962 477 976 482 977 482 978 482 979 482 1000 476 1008 474 1044 474 1049 475 1073 483 1074 483 1075 483 1076 483 1100 474 1100 466 1098 440 1057 440 1040 430 1039 430 1038 430 1037 430 995 437 962 430 961 430 960 430 959 430 946 440 820 436 819 436 818 436 817 436 810 442 758 442 743 432 742 432 741 432 707 432 706 432 705 432 681 443 631 443 614 436 613 436 612 436 611 436 597 442 582 433 581 433 580 433 545 433 544 433 507 434 506 434 505 434 494 442 426 434 425 434 424 434 403 445 390 445 378 435 376 435 375 435 374 435 313 443 276 437 275 437 274 437 273 437 273 438 266 443 267 472"/></Shape>
	    <String CONTENT="peuple. Et cela ſe voit auſſi par ce que dit Ver¬"
                    HPOS="266"
                    VPOS="430"
                    WIDTH="834"
                    HEIGHT="59"
                    WC="0.9930538060713787"></String>
          </TextLine>
          <TextLine ID="eSc_line_4110f394"
                    TAGREFS="LT8"
                    BASELINE="266 518 1101 515" 
                    HPOS="265"
                    VPOS="479"
                    WIDTH="836"
                    HEIGHT="61">
            <Shape><Polygon POINTS="266 518 266 540 347 539 348 539 349 539 364 527 428 528 449 537 455 538 456 538 457 538 458 538 461 536 475 529 527 535 532 535 533 535 534 535 535 535 561 524 614 524 629 532 630 532 631 532 691 525 701 532 711 538 712 538 713 538 714 538 715 538 742 530 761 525 776 529 786 533 787 533 788 533 832 528 872 524 882 527 898 533 899 533 900 533 928 529 964 537 965 537 966 537 1003 524 1005 524 1011 524 1074 530 1075 530 1076 530 1101 522 1101 515 1099 490 1071 490 1042 479 1041 479 967 479 966 479 965 479 939 489 874 483 873 483 842 489 804 480 803 480 802 480 801 480 800 480 789 489 766 490 704 481 703 481 655 490 619 480 618 480 580 480 579 480 578 480 577 480 563 491 533 491 517 481 516 481 515 481 487 481 486 481 485 481 484 481 467 491 433 485 432 485 380 490 369 484 368 484 367 484 366 484 365 484 364 484 354 492 265 492 266 518"/></Shape>
	    <String CONTENT="cingentorix Roi d’Auuergne, liure 7. plaidant"
                    HPOS="265"
                    VPOS="479"
                    WIDTH="836"
                    HEIGHT="61"
                    WC="0.996464909447564"></String>
          </TextLine>
          <TextLine ID="eSc_line_c10f5ad6"
                    TAGREFS="LT8"
                    BASELINE="265 567 1100 562" 
                    HPOS="264"
                    VPOS="524"
                    WIDTH="836"
                    HEIGHT="58">
            <Shape><Polygon POINTS="265 567 265 580 313 576 327 581 328 581 329 582 329 581 330 581 331 581 343 576 350 581 351 581 352 581 353 581 357 581 389 576 453 580 458 580 459 580 460 580 473 574 557 579 558 579 559 579 560 579 602 573 624 579 625 579 626 579 627 579 631 579 667 573 731 577 732 577 791 572 800 578 801 578 802 578 803 579 876 579 876 578 877 578 880 577 890 573 917 577 928 578 929 578 930 578 933 577 944 571 1099 575 1100 562 1097 535 1057 535 1055 535 1034 524 1033 524 1032 524 1031 524 1030 524 1015 535 1013 536 998 536 996 535 972 524 971 524 970 524 969 524 968 524 954 535 952 535 909 525 908 525 907 525 883 535 880 537 803 537 800 535 775 525 774 525 773 525 772 525 755 535 749 538 701 538 697 535 685 526 684 526 683 526 652 526 651 526 650 526 649 526 638 536 637 536 636 536 612 526 611 526 610 526 563 532 527 527 526 527 525 527 500 536 492 538 445 536 439 536 429 528 428 528 427 528 379 528 378 528 376 528 375 528 364 536 358 540 322 540 316 536 302 528 300 528 272 528 271 528 270 528 269 528 264 532 265 567"/></Shape>
	    <String CONTENT="ſa cauſe deuant l’aſſemblee. Depuis les Gaulois"
                    HPOS="264"
                    VPOS="524"
                    WIDTH="836"
                    HEIGHT="58"
                    WC="0.9948373639837225"></String>
          </TextLine>
          <TextLine ID="eSc_line_fb147901"
                    TAGREFS="LT8"
                    BASELINE="268 615 1100 610" 
                    HPOS="267"
                    VPOS="574"
                    WIDTH="833"
                    HEIGHT="57">
            <Shape><Polygon POINTS="268 615 268 630 345 625 381 629 398 631 399 631 411 629 434 624 441 628 443 630 444 630 445 630 446 630 466 628 503 624 520 627 534 630 535 630 536 630 548 627 561 624 581 627 593 628 594 628 595 628 599 626 610 623 635 626 659 629 660 629 744 625 801 622 854 623 942 626 943 626 969 622 978 621 993 622 1065 627 1066 627 1099 620 1100 610 1098 580 1070 575 1069 575 1068 575 1067 575 1060 580 1055 582 1048 580 1031 574 1030 574 1029 574 1028 574 1027 574 1020 580 1015 584 993 584 987 580 977 574 976 574 975 574 974 574 973 574 972 574 962 580 956 584 930 585 860 585 851 580 839 575 838 575 837 575 836 575 824 581 817 585 796 585 790 581 782 575 781 575 780 575 779 575 737 576 736 576 735 576 729 581 722 586 636 586 629 581 625 578 624 578 623 578 622 578 621 578 615 581 611 583 601 581 580 577 529 577 527 577 526 577 515 582 504 587 404 587 397 582 392 578 391 578 390 578 389 578 388 578 374 582 358 587 343 582 331 578 330 578 329 578 267 582 268 615"/></Shape>
	    <String CONTENT="&amp; les François furent vniz ſous le nom des Frã¬"
                    HPOS="267"
                    VPOS="574"
                    WIDTH="833"
                    HEIGHT="57"
                    WC="0.9977328801641658"></String>
          </TextLine>
          <TextLine ID="eSc_line_bc231fdd"
                    TAGREFS="LT8"
                    BASELINE="269 665 1100 657" 
                    HPOS="268"
                    VPOS="622"
                    WIDTH="832"
                    HEIGHT="60">
            <Shape><Polygon POINTS="269 665 269 682 335 676 367 681 371 681 372 681 373 681 374 681 386 673 438 680 445 680 446 680 447 680 448 680 448 679 459 673 499 679 505 679 506 679 516 678 582 671 641 671 652 676 657 678 658 678 659 678 660 678 669 676 691 670 705 675 706 675 707 675 711 675 753 671 764 674 772 677 773 677 774 677 790 674 812 669 856 669 862 672 869 676 870 676 871 676 916 672 951 668 959 671 971 675 972 675 973 675 974 675 992 670 1005 667 1025 670 1055 674 1057 674 1099 668 1100 657 1098 633 1072 633 1055 622 1054 622 1053 622 1052 622 994 633 847 624 846 624 845 624 819 634 791 628 790 628 789 628 760 635 675 630 674 630 673 630 672 630 664 636 657 631 656 631 655 631 654 631 589 636 575 627 574 627 573 627 511 627 510 627 509 627 508 627 502 632 477 627 476 627 475 627 474 627 458 638 430 628 429 628 372 628 371 628 370 628 349 639 336 635 335 635 334 635 268 640 269 665"/></Shape>
	    <String CONTENT="çois, deſquels le Roiaume aiant eſté par vne ſin¬"
                    HPOS="268"
                    VPOS="622"
                    WIDTH="832"
                    HEIGHT="60"
                    WC="0.9857287138116126"></String>
          </TextLine>
          <TextLine ID="eSc_line_f3be341d"
                    TAGREFS="LT8"
                    BASELINE="269 713 1102 706" 
                    HPOS="268"
                    VPOS="672"
                    WIDTH="834"
                    HEIGHT="59">
            <Shape><Polygon POINTS="269 713 269 731 303 731 303 730 304 730 305 730 318 721 329 725 330 725 331 725 478 720 495 726 504 729 505 729 506 729 523 725 551 719 571 724 584 728 585 728 586 729 625 729 625 728 712 721 772 717 781 720 798 726 799 726 800 727 854 727 854 726 855 726 856 726 866 718 868 718 892 725 893 725 894 725 895 725 909 718 930 723 931 723 932 723 1000 716 1008 715 1014 715 1061 721 1062 721 1102 713 1102 706 1100 680 943 675 942 675 869 680 854 675 853 675 852 675 851 675 826 681 825 681 823 681 749 672 748 672 747 672 737 677 706 675 705 675 704 675 690 682 682 682 513 674 512 674 511 674 489 684 469 677 468 677 467 677 431 685 427 685 426 685 410 675 409 675 408 675 407 675 382 684 311 676 310 676 268 685 269 713"/></Shape>
	    <String CONTENT="guliere faueur de Dieu, treſlonguement conti¬"
                    HPOS="268"
                    VPOS="672"
                    WIDTH="834"
                    HEIGHT="59"
                    WC="0.991787678665585"></String>
          </TextLine>
          <TextLine ID="eSc_line_373f0b39"
                    TAGREFS="LT8"
                    BASELINE="268 760 1099 753" 
                    HPOS="267"
                    VPOS="718"
                    WIDTH="832"
                    HEIGHT="57">
            <Shape><Polygon POINTS="268 760 268 775 406 768 437 773 446 774 447 774 448 774 451 773 461 768 473 772 478 774 479 774 480 774 481 774 486 772 495 769 517 772 539 774 540 774 556 771 576 767 624 770 673 773 674 773 675 773 676 773 683 769 689 766 781 767 930 770 931 770 977 764 985 764 991 764 1059 770 1060 770 1099 762 1099 753 1098 727 1076 718 1075 718 994 718 993 718 992 718 958 728 956 728 955 728 923 719 922 719 921 719 920 719 892 728 891 729 802 729 797 729 723 720 722 720 721 720 700 730 699 730 660 730 659 730 645 724 644 724 643 724 642 724 641 724 633 730 632 731 583 731 582 730 542 722 541 722 540 722 539 722 524 731 501 731 402 732 401 732 390 723 389 723 388 723 363 723 362 723 361 723 343 732 342 733 267 733 268 760"/></Shape>
	    <String CONTENT="nué, ſe voit maintenant tellement eſbranlé (de"
                    HPOS="267"
                    VPOS="718"
                    WIDTH="832"
                    HEIGHT="57"
                    WC="0.9923160982628664"></String>
          </TextLine>
          <TextLine ID="eSc_line_f1261c4d"
                    TAGREFS="LT8"
                    BASELINE="270 807 1100 802" 
                    HPOS="269"
                    VPOS="767"
                    WIDTH="831"
                    HEIGHT="60">
            <Shape><Polygon POINTS="270 807 270 827 306 826 307 826 325 817 353 826 354 826 355 826 356 827 417 827 417 826 418 826 423 825 451 816 468 822 469 822 470 822 510 818 536 822 552 825 553 825 554 825 555 825 560 822 570 816 601 821 604 821 605 821 606 821 619 815 668 820 675 820 676 820 683 820 708 816 717 819 733 824 734 824 735 824 736 824 756 818 758 818 766 818 891 823 892 823 893 823 894 823 908 815 911 813 1033 813 1034 813 1058 819 1059 819 1060 819 1100 811 1100 802 1099 773 1080 767 1079 767 1078 767 1077 767 1076 767 1068 773 1066 775 1036 776 1023 773 994 767 993 767 992 767 979 774 973 777 951 777 947 774 936 767 935 767 934 767 933 767 932 767 912 774 906 777 843 777 838 775 826 768 825 768 824 768 823 768 822 768 807 775 803 778 779 778 773 775 755 769 753 769 752 769 713 774 692 769 691 769 690 769 689 769 671 776 667 778 665 776 655 769 654 769 653 769 626 769 625 769 624 769 610 777 606 779 534 779 531 777 520 770 519 770 518 770 479 770 478 770 477 770 453 778 448 780 396 780 385 779 339 771 338 771 337 771 310 779 309 780 269 780 270 807"/></Shape>
	    <String CONTENT="quelque coſté qu’en ſoit la faute) que ſa ruine eſt"
                    HPOS="269"
                    VPOS="767"
                    WIDTH="831"
                    HEIGHT="60"
                    WC="0.996019490636312"></String>
          </TextLine>
          <TextLine ID="eSc_line_bc926efb"
                    TAGREFS="LT8"
                    BASELINE="269 856 1099 851" 
                    HPOS="268"
                    VPOS="817"
                    WIDTH="831"
                    HEIGHT="57">
            <Shape><Polygon POINTS="269 856 269 874 323 866 341 873 342 873 343 873 344 873 371 865 392 871 393 871 394 871 395 871 407 865 423 870 424 870 425 870 458 864 486 864 497 871 498 871 499 871 500 871 501 871 525 864 549 872 550 872 551 872 552 872 568 865 594 869 595 869 596 869 613 863 704 863 723 871 725 871 726 871 727 871 765 870 787 869 788 869 803 862 840 862 858 869 860 870 861 870 862 870 870 869 933 861 989 868 997 869 998 869 1010 868 1071 862 1097 867 1099 851 1095 817 1073 824 953 824 940 819 934 817 933 817 932 817 887 820 820 824 797 821 782 819 781 819 780 819 774 821 765 826 652 826 641 823 620 819 619 819 618 819 605 824 597 826 537 826 536 825 530 820 529 820 527 820 526 820 447 825 302 821 300 821 268 828 269 856"/></Shape>
	    <String CONTENT="grandement à craindre: ce que toutesfois à grãd"
                    HPOS="268"
                    VPOS="817"
                    WIDTH="831"
                    HEIGHT="57"
                    WC="0.9943647122383118"></String>
          </TextLine>
          <TextLine ID="eSc_line_dc8415c1"
                    TAGREFS="LT8"
                    BASELINE="269 903 1098 896" 
                    HPOS="268"
                    VPOS="861"
                    WIDTH="830"
                    HEIGHT="62">
            <Shape><Polygon POINTS="269 903 269 923 309 922 310 922 333 914 365 914 383 921 384 921 385 921 424 913 460 919 461 919 462 919 482 913 500 918 501 918 502 918 503 918 504 918 504 917 509 912 555 912 574 919 577 920 578 920 579 920 586 919 618 912 632 918 634 919 635 919 636 919 637 919 640 918 659 910 676 918 681 919 682 919 683 919 700 917 750 910 772 916 773 916 774 916 777 916 841 909 861 915 870 917 871 917 872 917 906 914 966 908 1096 910 1098 896 1096 870 1042 861 1041 861 1040 861 1019 869 997 861 996 861 995 861 994 861 959 870 958 870 956 870 904 866 903 866 852 871 846 871 845 871 835 863 834 863 833 863 783 863 782 863 781 863 780 863 770 871 769 872 609 873 606 872 596 865 595 865 594 865 562 865 561 865 560 865 544 872 543 873 541 872 530 865 529 865 527 865 505 865 504 865 503 865 485 872 481 874 476 873 453 866 451 866 408 866 407 866 406 866 390 873 384 875 367 873 323 867 322 867 268 873 269 903"/></Shape>
	    <String CONTENT="peine aduiendra ſans vn grand changement d’v¬"
                    HPOS="268"
                    VPOS="861"
                    WIDTH="830"
                    HEIGHT="62"
                    WC="0.9830893966886732"></String>
          </TextLine>
          <TextLine ID="eSc_line_3ee9d551"
                    TAGREFS="LT8"
                    BASELINE="267 952 1098 945" 
                    HPOS="266"
                    VPOS="913"
                    WIDTH="832"
                    HEIGHT="55">
            <Shape><Polygon POINTS="267 952 267 961 352 968 353 968 387 961 393 960 432 961 563 964 564 964 587 960 594 959 599 960 619 965 620 965 621 965 622 965 623 965 630 960 634 958 672 958 676 960 690 965 691 965 692 966 741 966 741 965 742 965 761 959 769 957 777 959 796 964 797 964 798 964 799 964 814 959 820 957 827 959 845 963 846 963 847 963 848 963 849 963 856 959 860 956 867 959 879 963 880 963 881 963 939 958 947 958 950 958 970 962 971 962 995 958 1012 955 1018 958 1027 962 1028 962 1029 962 1097 957 1098 945 1095 920 1068 920 1067 920 1054 913 1053 913 1052 913 1051 913 1024 920 1023 920 1013 920 883 917 882 917 829 922 823 922 822 922 812 914 811 914 810 914 769 914 768 914 767 914 747 922 747 923 684 923 683 923 662 915 661 915 628 915 627 915 626 915 625 915 615 923 576 916 575 916 538 924 527 918 526 918 525 918 524 918 494 922 487 917 486 917 485 917 389 917 388 917 350 926 347 927 266 927 267 952"/></Shape>
	    <String CONTENT="ne partie du monde. Or ai-ie bien opinion que"
                    HPOS="266"
                    VPOS="913"
                    WIDTH="832"
                    HEIGHT="55"
                    WC="0.9887108153767056"></String>
          </TextLine>
          <TextLine ID="eSc_line_c43a3fe2"
                    TAGREFS="LT8"
                    BASELINE="267 1000 1098 994" 
                    HPOS="266"
                    VPOS="959"
                    WIDTH="832"
                    HEIGHT="58">
            <Shape><Polygon POINTS="267 1000 267 1009 375 1017 376 1017 378 1017 403 1009 406 1008 409 1009 427 1015 428 1015 429 1015 519 1009 533 1016 534 1016 535 1016 536 1016 557 1008 561 1007 583 1007 586 1008 599 1015 600 1015 601 1015 602 1015 619 1008 621 1007 647 1008 808 1014 809 1014 810 1014 834 1007 841 1005 848 1007 864 1011 865 1011 866 1011 895 1006 906 1005 910 1006 927 1013 928 1013 929 1013 983 1006 1000 1004 1004 1006 1013 1011 1014 1011 1015 1011 1097 1005 1098 994 1095 959 1027 967 1001 960 995 959 994 959 993 959 982 961 940 968 879 962 849 960 848 960 847 960 837 963 818 970 709 970 698 966 684 961 683 961 682 961 656 967 648 968 639 967 608 962 607 962 606 962 605 962 596 968 592 970 579 968 544 962 543 962 542 962 524 968 480 963 479 963 427 971 422 972 354 972 307 972 292 965 291 965 290 965 289 965 266 973 267 1000"/></Shape>
	    <String CONTENT="ce que i’en ai à dire, ſera bien pris des vns, &amp; mal"
                    HPOS="266"
                    VPOS="959"
                    WIDTH="832"
                    HEIGHT="58"
                    WC="0.9869839762741665"></String>
          </TextLine>
          <TextLine ID="eSc_line_65979f81"
                    TAGREFS="LT8"
                    BASELINE="270 1047 1095 1042" 
                    HPOS="269"
                    VPOS="1008"
                    WIDTH="826"
                    HEIGHT="58">
            <Shape><Polygon POINTS="270 1047 270 1066 396 1055 419 1062 420 1062 421 1062 422 1062 423 1062 435 1054 459 1062 460 1062 461 1062 513 1054 539 1064 540 1064 541 1064 542 1064 543 1064 557 1054 611 1062 612 1062 665 1053 703 1059 704 1059 705 1059 716 1054 728 1060 729 1060 730 1060 763 1056 842 1061 843 1061 844 1061 866 1052 896 1052 928 1061 929 1061 930 1061 931 1061 965 1052 983 1056 984 1056 985 1056 1028 1051 1093 1060 1095 1042 1093 1013 1058 1008 1057 1008 1055 1008 1054 1008 1046 1013 1045 1014 1044 1013 1037 1008 1036 1008 1035 1008 1034 1008 1033 1008 1016 1013 1006 1017 911 1017 904 1014 896 1011 895 1011 894 1011 893 1011 885 1015 879 1017 833 1015 784 1013 783 1013 782 1013 772 1016 764 1018 759 1016 747 1010 746 1010 715 1010 714 1010 713 1010 701 1016 697 1018 673 1017 634 1014 633 1014 612 1017 598 1019 593 1017 577 1011 576 1011 544 1011 543 1011 542 1011 519 1018 515 1019 499 1018 435 1014 434 1014 433 1014 422 1019 421 1019 419 1019 370 1012 369 1012 368 1012 342 1020 341 1020 339 1020 316 1012 315 1012 314 1012 313 1012 295 1020 295 1021 269 1021 270 1047"/></Shape>
	    <String CONTENT="prinsdes autres. Mais n’en diſãt que ce qui en eſt,"
                    HPOS="269"
                    VPOS="1008"
                    WIDTH="826"
                    HEIGHT="58"
                    WC="0.9676873271281903"></String>
          </TextLine>
          <TextLine ID="eSc_line_8ea1724e"
                    TAGREFS="LT8"
                    BASELINE="267 1094 1097 1089" 
                    HPOS="266"
                    VPOS="1055"
                    WIDTH="831"
                    HEIGHT="54">
            <Shape><Polygon POINTS="267 1094 267 1105 401 1109 402 1109 403 1109 416 1104 417 1104 419 1104 430 1109 431 1109 432 1109 529 1104 545 1103 554 1103 596 1107 597 1107 598 1107 613 1103 617 1102 618 1103 623 1107 624 1107 625 1107 626 1108 765 1108 765 1107 839 1101 847 1101 853 1101 900 1106 901 1106 902 1106 915 1101 928 1106 929 1106 930 1106 931 1106 943 1100 945 1100 962 1100 1073 1105 1074 1105 1075 1105 1097 1099 1097 1089 1095 1066 1030 1065 1003 1055 1002 1055 1001 1055 1000 1055 999 1055 989 1062 930 1066 840 1056 839 1056 838 1056 837 1056 821 1067 748 1067 732 1060 731 1060 730 1060 729 1060 728 1060 718 1067 640 1061 639 1061 638 1061 623 1067 599 1058 598 1058 548 1058 547 1058 546 1058 523 1069 435 1069 417 1059 416 1059 371 1059 370 1059 369 1059 368 1059 356 1069 306 1061 305 1061 266 1070 267 1094"/></Shape>
	    <String CONTENT="ie m’aſſeure que Dieu me maintiẽdra cõtre! tou¬"
                    HPOS="266"
                    VPOS="1055"
                    WIDTH="831"
                    HEIGHT="54"
                    WC="0.9978218102941707"></String>
          </TextLine>
          <TextLine ID="eSc_line_99b10a71"
                    TAGREFS="LT8"
                    BASELINE="268 1144 1097 1136" 
                    HPOS="267"
                    VPOS="1104"
                    WIDTH="830"
                    HEIGHT="55">
            <Shape><Polygon POINTS="268 1144 268 1153 326 1159 327 1159 381 1152 389 1152 395 1152 439 1157 440 1157 533 1151 541 1151 544 1151 584 1157 585 1157 586 1157 601 1151 632 1155 633 1155 659 1150 662 1150 666 1150 738 1156 739 1156 740 1156 741 1156 749 1151 816 1155 817 1155 818 1155 842 1149 939 1154 940 1154 982 1147 986 1147 993 1147 1080 1153 1081 1153 1082 1153 1097 1146 1097 1136 1095 1112 1010 1105 1009 1105 1008 1105 1007 1105 998 1112 870 1112 851 1104 850 1104 849 1104 813 1109 778 1104 777 1104 776 1104 775 1104 764 1112 727 1114 718 1114 713 1114 659 1109 658 1109 657 1109 647 1114 624 1105 623 1105 622 1105 571 1106 570 1106 569 1106 558 1114 544 1106 543 1106 517 1106 516 1106 515 1106 480 1116 476 1116 469 1116 386 1107 385 1107 348 1113 323 1108 322 1108 321 1108 305 1114 284 1109 283 1109 282 1109 281 1109 267 1115 268 1144"/></Shape>
	    <String CONTENT="tes calomnies. Ie di donc, que les François enco¬"
                    HPOS="267"
                    VPOS="1104"
                    WIDTH="830"
                    HEIGHT="55"
                    WC="0.992387808561325"></String>
          </TextLine>
          <TextLine ID="eSc_line_03690f29"
                    TAGREFS="LT8"
                    BASELINE="267 1191 1097 1185" 
                    HPOS="266"
                    VPOS="1150"
                    WIDTH="831"
                    HEIGHT="57">
            <Shape><Polygon POINTS="267 1191 267 1200 401 1207 402 1207 439 1200 447 1199 475 1199 478 1200 486 1206 487 1206 488 1206 489 1206 545 1200 565 1198 610 1198 614 1200 624 1205 625 1205 626 1205 675 1200 692 1198 700 1199 722 1204 723 1204 724 1204 733 1199 738 1197 749 1199 773 1204 774 1204 842 1199 887 1196 904 1199 928 1203 929 1204 929 1203 952 1199 974 1195 1095 1198 1097 1185 1096 1160 1072 1150 1071 1150 1025 1150 1024 1150 1023 1150 996 1160 813 1161 784 1153 783 1153 782 1153 781 1153 750 1161 736 1152 735 1152 734 1152 733 1152 670 1162 645 1153 644 1153 594 1153 593 1153 592 1153 568 1162 545 1153 544 1153 543 1153 542 1153 541 1153 529 1162 518 1157 517 1157 516 1157 515 1157 492 1163 462 1154 461 1154 460 1154 424 1162 406 1154 405 1154 404 1154 375 1155 374 1155 354 1164 293 1159 292 1159 291 1159 266 1165 267 1191"/></Shape>
	    <String CONTENT="res qu’ils aient choiſi leurs Rois premieremẽt de"
                    HPOS="266"
                    VPOS="1150"
                    WIDTH="831"
                    HEIGHT="57"
                    WC="0.9870574688911438"></String>
          </TextLine>
          <TextLine ID="eSc_line_93c5d415"
                    TAGREFS="LT8"
                    BASELINE="267 1239 1098 1233" 
                    HPOS="266"
                    VPOS="1196"
                    WIDTH="832"
                    HEIGHT="59">
            <Shape><Polygon POINTS="267 1239 267 1248 313 1248 315 1248 341 1255 342 1255 343 1255 402 1248 410 1247 428 1247 542 1252 543 1252 580 1246 584 1246 593 1253 594 1253 595 1253 596 1254 638 1254 638 1253 705 1246 727 1252 728 1252 729 1253 797 1253 797 1252 829 1244 834 1244 837 1244 866 1250 867 1250 868 1250 869 1250 879 1244 889 1244 1029 1250 1030 1250 1031 1250 1032 1250 1043 1243 1098 1242 1098 1233 1096 1206 1050 1205 1039 1196 1038 1196 1037 1196 1036 1196 922 1197 921 1197 903 1205 901 1207 859 1207 857 1205 845 1197 844 1197 843 1197 842 1197 841 1197 820 1205 815 1208 771 1208 766 1205 749 1198 748 1198 747 1198 746 1198 722 1205 721 1205 703 1198 702 1198 701 1198 700 1198 686 1205 680 1209 631 1209 619 1205 598 1199 597 1199 596 1199 595 1199 580 1205 572 1208 563 1205 548 1200 547 1200 546 1200 545 1200 526 1205 509 1209 492 1205 471 1200 470 1200 395 1201 394 1201 386 1205 373 1210 266 1205 267 1239"/></Shape>
	    <String CONTENT="la race de Meroüeé, puis de la poſterité de Char¬"
                    HPOS="266"
                    VPOS="1196"
                    WIDTH="832"
                    HEIGHT="59"
                    WC="0.984357414337305"></String>
          </TextLine>
          <TextLine ID="eSc_line_1e1d5f4c"
                    TAGREFS="LT8"
                    BASELINE="269 1287 1097 1281" 
                    HPOS="268"
                    VPOS="1245"
                    WIDTH="829"
                    HEIGHT="58">
            <Shape><Polygon POINTS="269 1287 269 1296 405 1303 406 1303 465 1296 487 1302 488 1302 489 1302 559 1295 635 1301 636 1301 722 1294 789 1298 790 1298 942 1293 986 1298 987 1298 988 1298 989 1298 996 1293 1074 1296 1075 1296 1076 1296 1097 1289 1097 1281 1095 1254 1067 1254 1067 1253 1048 1245 1047 1245 1046 1245 1003 1253 1002 1253 1001 1253 970 1245 969 1245 968 1245 934 1253 933 1253 931 1253 910 1246 909 1246 908 1246 907 1246 906 1246 896 1253 894 1254 881 1253 820 1246 819 1246 818 1246 817 1246 809 1252 805 1256 781 1256 776 1252 769 1248 768 1248 767 1248 766 1248 765 1248 764 1248 758 1252 753 1255 749 1252 739 1247 738 1247 737 1247 736 1247 723 1252 715 1255 696 1252 670 1248 669 1248 668 1248 658 1252 648 1256 643 1252 638 1248 637 1248 636 1248 635 1248 634 1248 626 1252 616 1256 580 1252 549 1248 548 1248 547 1248 546 1248 542 1251 536 1257 516 1251 507 1249 506 1249 505 1249 487 1251 468 1254 460 1251 454 1249 453 1249 451 1249 439 1251 405 1259 317 1259 296 1251 294 1250 293 1250 292 1250 268 1250 269 1287"/></Shape>
	    <String CONTENT="lemagne, &amp; finalemẽt des deſcedans de Hue Ca¬"
                    HPOS="268"
                    VPOS="1245"
                    WIDTH="829"
                    HEIGHT="58"
                    WC="0.984286737182866"></String>
          </TextLine>
          <TextLine ID="eSc_line_0b5a0722"
                    TAGREFS="LT8"
                    BASELINE="271 1336 1097 1329" 
                    HPOS="270"
                    VPOS="1293"
                    WIDTH="827"
                    HEIGHT="57">
            <Shape><Polygon POINTS="271 1336 271 1350 389 1349 390 1349 414 1343 446 1349 450 1349 451 1349 459 1349 520 1342 605 1347 623 1348 624 1348 625 1348 629 1347 648 1341 680 1347 685 1347 686 1347 697 1346 766 1340 784 1346 786 1346 787 1346 788 1347 861 1347 861 1346 868 1345 892 1339 1096 1342 1097 1329 1095 1304 1011 1304 984 1293 983 1293 982 1293 980 1293 949 1304 946 1305 907 1305 904 1304 889 1294 888 1294 887 1294 886 1294 841 1295 840 1295 839 1295 825 1304 822 1306 808 1306 805 1304 793 1295 792 1295 791 1295 790 1295 789 1295 775 1302 753 1295 752 1295 751 1295 711 1304 699 1306 694 1304 677 1296 676 1296 675 1296 635 1304 617 1307 607 1304 602 1302 601 1302 600 1302 599 1302 594 1304 584 1307 579 1304 571 1297 570 1297 569 1297 510 1297 509 1297 508 1297 493 1304 482 1308 417 1304 403 1303 402 1303 401 1303 399 1304 386 1310 295 1310 270 1304 271 1336"/></Shape>
	    <String CONTENT="pet, ont touteſ-fois tellemẽt dreſſé leur Monar¬"
                    HPOS="270"
                    VPOS="1293"
                    WIDTH="827"
                    HEIGHT="57"
                    WC="0.9979904341697693"></String>
          </TextLine>
          <TextLine ID="eSc_line_e283ec6f"
                    TAGREFS="LT8"
                    BASELINE="269 1384 1096 1378" 
                    HPOS="268"
                    VPOS="1345"
                    WIDTH="828"
                    HEIGHT="52">
            <Shape><Polygon POINTS="269 1384 269 1397 545 1391 595 1394 645 1396 646 1396 666 1393 683 1390 690 1392 697 1395 698 1395 699 1396 753 1396 753 1395 755 1395 756 1395 760 1392 763 1390 778 1391 817 1395 818 1395 846 1391 857 1389 879 1390 941 1394 942 1394 943 1394 957 1389 961 1388 974 1389 1017 1393 1018 1393 1095 1387 1096 1378 1095 1352 1072 1345 1071 1345 1070 1345 1069 1345 1052 1351 991 1346 990 1346 929 1352 919 1345 918 1345 917 1345 893 1345 892 1345 891 1345 890 1345 880 1352 791 1346 790 1346 789 1346 788 1346 777 1354 682 1354 674 1349 673 1349 672 1349 671 1349 670 1349 657 1354 651 1349 650 1349 649 1349 648 1349 599 1353 568 1347 567 1347 566 1347 549 1354 461 1349 460 1349 391 1356 381 1349 380 1349 379 1349 378 1349 346 1354 289 1349 288 1349 287 1349 268 1356 269 1384"/></Shape>
	    <String CONTENT="chie du commencement, que leurs Rois ne re¬"
                    HPOS="268"
                    VPOS="1345"
                    WIDTH="828"
                    HEIGHT="52"
                    WC="0.9980012552682743"></String>
          </TextLine>
          <TextLine ID="eSc_line_27cad297"
                    TAGREFS="LT8"
                    BASELINE="270 1431 1097 1425" 
                    HPOS="269"
                    VPOS="1391"
                    WIDTH="828"
                    HEIGHT="57">
            <Shape><Polygon POINTS="270 1431 270 1448 323 1441 386 1446 387 1446 388 1446 408 1439 416 1446 417 1446 418 1446 419 1446 498 1439 538 1446 544 1446 545 1446 550 1445 589 1437 651 1444 662 1445 663 1445 670 1444 712 1436 811 1436 827 1441 829 1442 831 1442 832 1442 950 1440 951 1440 969 1434 1095 1438 1097 1425 1095 1401 988 1401 960 1391 959 1391 958 1391 889 1400 821 1392 820 1392 819 1392 790 1402 692 1393 691 1393 690 1393 676 1400 668 1394 667 1394 666 1394 597 1394 596 1394 595 1394 572 1404 524 1404 506 1397 505 1397 504 1397 503 1397 487 1405 339 1405 297 1399 296 1399 295 1399 269 1406 270 1431"/></Shape>
	    <String CONTENT="gnoient point par le ſeul droit ſucceſſif: ains e¬"
                    HPOS="269"
                    VPOS="1391"
                    WIDTH="828"
                    HEIGHT="57"
                    WC="0.9974591279029846"></String>
          </TextLine>
          <TextLine ID="eSc_line_2bfa776e"
                    TAGREFS="LT8"
                    BASELINE="268 1479 1098 1474" 
                    HPOS="267"
                    VPOS="1438"
                    WIDTH="831"
                    HEIGHT="56">
            <Shape><Polygon POINTS="268 1479 268 1494 503 1494 503 1493 507 1493 540 1487 580 1492 581 1492 582 1492 583 1492 605 1486 632 1492 633 1492 634 1492 637 1492 696 1486 892 1491 902 1491 903 1491 904 1491 932 1484 947 1489 948 1489 949 1489 1049 1484 1096 1490 1098 1474 1097 1448 1070 1438 1069 1438 1068 1438 1027 1448 1024 1448 1021 1448 987 1438 986 1438 937 1438 936 1438 935 1438 934 1438 920 1448 918 1449 914 1448 892 1439 891 1439 890 1439 889 1439 866 1448 861 1450 715 1450 711 1448 702 1440 701 1440 700 1440 663 1440 662 1440 661 1440 641 1448 633 1451 595 1451 588 1448 574 1441 573 1441 572 1441 542 1448 522 1452 466 1452 458 1448 455 1446 454 1446 453 1446 444 1448 425 1452 418 1448 411 1442 410 1442 409 1442 408 1442 407 1442 394 1448 380 1452 352 1448 340 1446 339 1446 331 1448 312 1452 305 1448 297 1442 296 1442 295 1442 294 1442 267 1447 268 1479"/></Shape>
	    <String CONTENT="ſtans eleus par le conſentement des Eſtats du"
                    HPOS="267"
                    VPOS="1438"
                    WIDTH="831"
                    HEIGHT="56"
                    WC="0.9925923943519592"></String>
          </TextLine>
          <TextLine ID="eSc_line_71cab6f9"
                    TAGREFS="LT8"
                    BASELINE="269 1528 1095 1523" 
                    HPOS="268"
                    VPOS="1485"
                    WIDTH="827"
                    HEIGHT="55">
            <Shape><Polygon POINTS="269 1528 269 1540 1094 1536 1095 1523 1093 1497 997 1497 995 1496 959 1485 958 1485 957 1485 922 1486 921 1486 899 1495 895 1498 841 1498 837 1495 822 1486 821 1486 820 1486 819 1486 818 1486 796 1495 790 1497 782 1495 756 1487 755 1487 753 1487 689 1493 653 1487 652 1487 651 1487 633 1494 626 1496 597 1494 539 1488 538 1488 537 1488 524 1493 510 1500 496 1500 486 1493 483 1490 482 1490 481 1490 480 1490 479 1490 478 1490 474 1493 464 1499 435 1494 434 1494 433 1494 410 1500 362 1498 350 1492 343 1489 342 1489 341 1489 268 1491 269 1528"/></Shape>
	    <String CONTENT="Roiaume. Ainſi fut eſleu Pharamond l’an 419."
                    HPOS="268"
                    VPOS="1485"
                    WIDTH="827"
                    HEIGHT="55"
                    WC="0.9968687783588063"></String>
          </TextLine>
          <TextLine ID="eSc_line_fce32fed"
                    TAGREFS="LT8"
                    BASELINE="271 1575 1098 1570" 
                    HPOS="270"
                    VPOS="1533"
                    WIDTH="828"
                    HEIGHT="57">
            <Shape><Polygon POINTS="271 1575 271 1587 321 1584 362 1587 395 1590 396 1590 420 1587 457 1583 479 1587 490 1589 491 1589 492 1589 497 1587 508 1583 518 1587 522 1589 523 1589 524 1590 567 1590 567 1589 577 1587 596 1583 605 1587 607 1588 608 1588 609 1589 678 1589 678 1588 680 1588 682 1587 690 1583 736 1587 753 1588 755 1588 756 1588 761 1587 785 1581 846 1581 853 1587 854 1587 855 1587 856 1587 857 1587 859 1587 880 1581 910 1587 914 1587 915 1587 921 1587 974 1580 1029 1585 1030 1585 1064 1580 1096 1586 1098 1570 1095 1538 1043 1544 1034 1538 1027 1533 1026 1533 1025 1533 992 1533 991 1533 990 1533 989 1533 980 1539 970 1545 911 1545 897 1539 886 1534 885 1534 884 1534 883 1534 871 1540 859 1545 850 1540 842 1534 841 1534 840 1534 818 1534 817 1534 816 1534 797 1540 782 1545 776 1540 769 1535 768 1535 767 1535 743 1535 742 1535 741 1535 726 1541 713 1546 703 1541 691 1535 690 1535 636 1535 635 1535 634 1535 609 1542 595 1546 491 1547 484 1543 474 1536 473 1536 472 1536 445 1536 444 1536 443 1536 427 1543 417 1549 360 1549 353 1544 343 1537 342 1537 341 1537 340 1537 339 1537 316 1544 311 1546 307 1545 288 1537 287 1537 286 1537 285 1537 270 1543 271 1575"/></Shape>
	    <String CONTENT="&amp; Pepin l’an 751: &amp; les fils d’icelui, aſſauoir"
                    HPOS="270"
                    VPOS="1533"
                    WIDTH="828"
                    HEIGHT="57"
                    WC="0.9963356573530968"></String>
          </TextLine>
          <TextLine ID="eSc_line_0f56b7ed"
                    TAGREFS="LT8"
                    BASELINE="272 1624 1096 1618" 
                    HPOS="271"
                    VPOS="1581"
                    WIDTH="825"
                    HEIGHT="58">
            <Shape><Polygon POINTS="272 1624 272 1632 371 1639 372 1639 373 1639 374 1639 386 1632 386 1631 421 1631 422 1631 438 1638 439 1638 440 1638 441 1638 457 1631 458 1631 460 1631 502 1638 503 1638 504 1638 525 1632 544 1639 545 1639 546 1639 611 1631 642 1638 643 1638 701 1631 713 1637 714 1637 715 1638 766 1638 766 1637 767 1637 768 1637 779 1629 861 1636 862 1636 901 1628 919 1636 920 1636 921 1637 957 1637 957 1636 1027 1627 1086 1632 1087 1632 1088 1632 1089 1632 1096 1627 1096 1618 1094 1591 1055 1591 1055 1590 1041 1581 1040 1581 1039 1581 1038 1581 1037 1581 1015 1590 1015 1591 957 1591 953 1590 927 1582 926 1582 925 1582 924 1582 908 1590 906 1591 901 1590 878 1584 877 1584 876 1584 846 1589 836 1582 835 1582 834 1582 833 1582 832 1582 800 1590 790 1593 719 1593 715 1590 706 1583 705 1583 704 1583 703 1583 642 1589 607 1593 593 1589 575 1584 574 1584 573 1584 572 1584 556 1589 550 1591 541 1589 520 1585 434 1585 433 1585 432 1585 417 1589 393 1597 346 1597 333 1589 328 1586 327 1586 326 1586 271 1588 272 1624"/></Shape>
	    <String CONTENT="Charles &amp; Charloman l’an 7 68: &amp; depuis l’an"
                    HPOS="271"
                    VPOS="1581"
                    WIDTH="825"
                    HEIGHT="58"
                    WC="0.9928999136794697"></String>
          </TextLine>
          <TextLine ID="eSc_line_34ef6683"
                    TAGREFS="LT8"
                    BASELINE="275 1677 441 1670 1096 1666" 
                    HPOS="274"
                    VPOS="1630"
                    WIDTH="822"
                    HEIGHT="58">
            <Shape><Polygon POINTS="275 1677 275 1688 404 1681 436 1687 439 1687 440 1687 441 1687 442 1687 468 1681 494 1686 495 1686 496 1686 497 1686 560 1680 596 1685 604 1686 605 1686 623 1685 712 1679 722 1684 724 1685 725 1685 726 1686 765 1686 765 1685 766 1685 769 1684 781 1678 809 1678 818 1683 819 1684 820 1684 821 1684 822 1684 834 1683 877 1678 895 1682 902 1684 903 1684 904 1684 906 1684 912 1682 929 1677 1095 1680 1096 1666 1094 1640 1034 1630 1033 1630 1009 1631 1008 1631 1007 1631 993 1639 991 1641 960 1641 958 1639 947 1631 946 1631 945 1631 944 1631 943 1631 942 1631 929 1639 928 1640 925 1639 898 1632 897 1632 896 1632 895 1632 881 1639 878 1641 834 1639 781 1637 780 1637 753 1639 722 1642 717 1639 709 1633 708 1633 707 1633 687 1633 686 1633 685 1633 684 1633 675 1639 672 1641 664 1639 645 1634 644 1634 643 1634 642 1634 641 1634 635 1639 629 1644 557 1644 548 1639 537 1634 536 1634 535 1634 500 1639 490 1640 485 1639 472 1635 471 1635 470 1635 378 1636 376 1636 370 1639 357 1645 274 1639 275 1677"/></Shape>
	    <String CONTENT="771. Charles herita de la portion de ſon frere"
                    HPOS="274"
                    VPOS="1630"
                    WIDTH="822"
                    HEIGHT="58"
                    WC="0.9928783048754153"></String>
          </TextLine>
          <TextLine ID="eSc_line_cc5de0d9"
                    TAGREFS="LT8"
                    BASELINE="271 1721 1094 1713" 
                    HPOS="270"
                    VPOS="1677"
                    WIDTH="824"
                    HEIGHT="69">
            <Shape><Polygon POINTS="271 1721 271 1746 311 1738 349 1744 360 1746 361 1746 362 1746 363 1746 365 1744 384 1733 437 1733 446 1738 447 1738 448 1738 449 1738 450 1738 451 1738 459 1733 479 1741 486 1744 487 1744 488 1744 555 1743 556 1743 566 1739 585 1731 625 1737 631 1738 632 1738 633 1738 636 1737 651 1733 664 1736 685 1742 686 1742 687 1743 745 1743 745 1742 746 1742 769 1734 774 1732 779 1734 797 1741 798 1741 799 1742 837 1742 837 1741 838 1741 860 1731 866 1729 871 1731 882 1736 883 1736 884 1736 885 1736 901 1730 909 1728 923 1730 989 1740 990 1740 991 1740 1025 1727 1027 1726 1094 1725 1094 1713 1092 1687 1067 1687 1045 1677 1044 1677 1043 1677 1042 1677 1008 1687 959 1687 933 1687 932 1687 887 1677 886 1677 885 1677 866 1688 865 1688 862 1688 813 1678 812 1678 811 1678 810 1678 797 1688 796 1689 777 1690 731 1690 729 1688 717 1679 716 1679 715 1679 682 1679 681 1679 642 1684 599 1680 598 1680 597 1680 578 1689 576 1690 574 1689 563 1681 562 1681 561 1681 522 1681 521 1681 520 1681 505 1689 502 1691 475 1692 463 1690 429 1682 428 1682 427 1682 397 1690 388 1692 383 1690 368 1683 367 1683 366 1683 332 1690 331 1691 270 1691 271 1721"/></Shape>
	    <String CONTENT="par l’authorité de la ſuſditte aſſemblee: par la¬"
                    HPOS="270"
                    VPOS="1677"
                    WIDTH="824"
                    HEIGHT="69"
                    WC="0.983764283657074"></String>
          </TextLine>
        </TextBlock>
        <TextBlock HPOS="963.0"
                   VPOS="1732.0"
                   WIDTH="150.0"
                   HEIGHT="39.0"
                   ID="eSc_textblock_d1dc7a9d"
                   TAGREFS="BT17">
          <Shape><Polygon POINTS="963 1732 963 1771 1113 1771 1110 1732"/></Shape>
          <TextLine ID="eSc_line_103d2856"
                    TAGREFS="LT8"
                    BASELINE="977 1763 1092 1761" 
                    HPOS="976"
                    VPOS="1727"
                    WIDTH="116"
                    HEIGHT="58">
            <Shape><Polygon POINTS="977 1763 977 1785 1092 1780 1092 1761 1091 1738 1069 1727 1068 1727 1044 1727 1043 1727 1042 1727 1041 1727 1041 1728 1031 1738 1023 1734 1022 1734 1021 1734 976 1739 977 1763"/></Shape>
	    <String CONTENT="quelle"
                    HPOS="976"
                    VPOS="1727"
                    WIDTH="116"
                    HEIGHT="58"
                    WC="0.9999955296516418"></String>
          </TextLine>
        </TextBlock>
        <TextBlock HPOS="80.0"
                   VPOS="201.0"
                   WIDTH="184.0"
                   HEIGHT="78.0"
                   ID="eSc_textblock_a5d1b968"
                   TAGREFS="BT2584">
          <Shape><Polygon POINTS="80 201 80 279 263 279 264 201"/></Shape>
          <TextLine ID="eSc_line_da938035"
                    TAGREFS="LT8"
                    BASELINE="85 225 244 228" 
                    HPOS="84"
                    VPOS="200"
                    WIDTH="160"
                    HEIGHT="41">
            <Shape><Polygon POINTS="85 208 85 225 84 237 152 235 173 237 216 241 217 241 243 235 244 228 242 200 93 201 85 208"/></Shape>
	    <String CONTENT="uenement"
                    HPOS="84"
                    VPOS="200"
                    WIDTH="160"
                    HEIGHT="41"
                    WC="0.9989966675639153"></String>
          </TextLine>
          <TextLine ID="eSc_line_dd63a18b"
                    TAGREFS="LT8"
                    BASELINE="86 266 257 266" 
                    HPOS="86"
                    VPOS="232"
                    WIDTH="171"
                    HEIGHT="57">
            <Shape><Polygon POINTS="86 254 86 266 86 282 158 277 192 286 193 286 194 286 195 286 196 286 208 278 217 287 218 287 218 288 219 288 220 288 221 289 257 289 257 266 256 234 164 240 161 238 155 233 155 232 154 232 153 232 101 232 100 232 99 232 98 232 92 235 86 254"/></Shape>
	    <String CONTENT="des Francois"
                    HPOS="86"
                    VPOS="232"
                    WIDTH="171"
                    HEIGHT="57"
                    WC="0.9939753065506617"></String>
          </TextLine>
        </TextBlock>
      </PrintSpace>
    </Page>
  </Layout>
</alto>
