1132 1824
638.0 147.0 59.0 49.0 62

249.0 192.0 833.0 58.0 ſtre tellement vicieux, qu’il peut & doit eſtre re¬

251.0 241.0 831.0 58.0 primé: Et qu’à plus forte raiſon quand il y va de

250.0 289.0 832.0 60.0 l’eſtat public: ceux auſquels il appartient, y peu¬

248.0 339.0 834.0 53.0 uent & doiuent mettre la main, ſ'ils ne veullent

248.0 385.0 832.0 56.0 cõtreuenir au ſerment qu’ils ont à Dieu & à leur

254.0 428.0 823.0 67.0 patrie. Ces diſtinctions conſiderees, & appli¬

249.0 483.0 830.0 57.0 quees à la vie de Dauid en general, & à la publi¬

256.0 529.0 822.0 58.0 que ſatiſ-faction qu’il a faitte de ſes fautes, on ne

252.0 580.0 825.0 56.0 ſ’eſmerueillera point de ce qu’on n’a paſſé plus

249.0 632.0 828.0 49.0 outre contre lui: outre ce qu’en general la con¬

247.0 675.0 829.0 52.0 cluſion eſt fauſſe de ceſt argument, aſſauoir, que

245.0 725.0 831.0 57.0 ce qui n’a point eſté puni, n’a deu eſtre puni. Bref

252.0 769.0 820.0 62.0 il y en aura, peut eſtre, qui ſur ce propos m’alle¬

249.0 821.0 824.0 54.0 gueront l’authorité de l’Empereur des Turcs ſur

245.0 870.0 827.0 57.0 ſes ſubiets. A quoi ie reſpondrai en vn mot, que

244.0 916.0 828.0 57.0 tel Empire ne ſe doit point appeller Roial ni hu¬

242.0 969.0 829.0 50.0 main, mais entierement barbare, tyrannique, be

243.0 1014.0 827.0 53.0 ſtial & abominable: comme auſſi au lieu que

242.0 1060.0 827.0 55.0 les Monarchies & Empires, nonobſtant les de¬

243.0 1110.0 826.0 54.0 fauts qui y ont regné, ont touteſ-fois eſté vn

241.0 1157.0 826.0 53.0 moien de conſeruer la ſocieté des hommes, il ap

242.0 1205.0 826.0 57.0 pert que la tyrannie Turqueſque eſt vn horrible

240.0 1254.0 827.0 51.0 fleau de Dieu, voulant deſtruire & ruiner le mõ

240.0 1300.0 828.0 58.0 de par ſon iuſte iugement. Et pourtant ie di &

242.0 1354.0 827.0 50.0 maintien haut & clair, que ceux qui vondroient

242.0 1398.0 825.0 55.0 auiourdhui perſuader aux Rois de prẽdre vn tel

241.0 1450.0 825.0 52.0 patron de leur gouuernement, doiuent eſtre te¬

244.0 1489.0 819.0 62.0 nus pour ennemis de tout le genre humain, &

246.0 1539.0 429.0 55.0 exterminez comme tels.

291.0 1586.0 774.0 60.0 Au ſurpl⁹, y a-il quelque plus eſtroitte obliga

248.0 1637.0 815.0 59.0 tion entre les hõmes que celle du mariage, en la

248.0 1681.0 810.0 68.0 quelle Dieu lui-meſmes entreuiẽt, cõme princi¬

97.0 430.0 146.0 56.0 Pourquoi

77.0 479.0 161.0 44.0 Dauid n’a e¬

78.0 515.0 163.0 53.0 ſté iugé ſur

78.0 561.0 164.0 39.0 on adultere

77.0 595.0 166.0 61.0 & homicide

79.0 758.0 158.0 61.0 La tyrannie

78.0 811.0 157.0 57.0 Turqueſque

77.0 1488.0 143.0 63.0 L'obligatiõ

76.0 1544.0 159.0 39.0 e mariage

76.0 1578.0 159.0 44.0 omparé au

77.0 1616.0 160.0 45.0 euoir du

82.0 1651.0 155.0 49.0 biet à ſon

89.0 1695.0 134.0 101.0 perieur.
