1132 1824
476.0 147.0 29.0 47.0 83

73.0 181.0 823.0 57.0 qu’il vſe de manifeſte Tyrannie, à laquelle il eſt

72.0 232.0 826.0 55.0 permis de ſ'oppoſer, auecques les diſtinctions

71.0 280.0 828.0 53.0 ci deſſus mentionnees, voire par raiſon, d’au¬

73.0 331.0 827.0 45.0 tant meilleure, que nos ames, & nos conſcien¬

73.0 377.0 826.0 53.0 ces nous doiuent eſtre plus cheres que tous les

73.0 423.0 836.0 55.0 biens de ce monde. Nul ne ſ'eſbahira donc ſi

74.0 471.0 825.0 55.0 Ieſus Chriſt, les Prophetes, les Apoſtres, & au¬

77.0 523.0 815.0 52.0 tres Martyrs eſtans perſonnes priuees, ſont de¬

74.0 563.0 817.0 61.0 mourez dans les bornes de leur vocation. Et

76.0 617.0 821.0 56.0 quant aux gens d’Eſtat & meſmes aux legions

76.0 665.0 818.0 47.0 entieres, qui ont ſouffert Martyre ſans aucu¬

78.0 715.0 820.0 53.0 ne reſiſtance auecques leurs Chefs, combien

83.0 762.0 809.0 54.0 que les perſecuteurs violaſſent les Edits aupar¬

80.0 808.0 821.0 52.0 auant faits en la faueur des Chreſtiens: com¬

79.0 855.0 820.0 58.0 me principallement il aduint ſous Diocletian,

83.0 902.0 818.0 58.0 & Iulian. Il y a double reſponſe. La premiere,

85.0 953.0 823.0 57.0 qu’encores que quelques Empereurs qui ont

85.0 1002.0 817.0 49.0 precedé Diocletian, comme Adrian, Antonin,

82.0 1048.0 820.0 54.0 & Alexandre, euſſent adouci les perſecutions,

82.0 1096.0 827.0 55.0 ſi n’auoient-ils permis le public exercice de la

85.0 1143.0 824.0 57.0 Religion Chreſtienne. La ſeconde eſt, Que

85.0 1192.0 826.0 56.0 tout ce qui eſt licite, n’eſt pas touteſ-fois touſ¬

84.0 1239.0 828.0 56.0 iours expedient, & ie ne di pas auſſi qu’il ſoit

87.0 1290.0 824.0 54.0 touſiours neceſſaire, que la Religion authori¬

86.0 1338.0 825.0 54.0 ſee par les Edits, ſoit maintenue par les armes

87.0 1385.0 826.0 52.0 contre la Tyrannie manifeſte. Mais que cela ſe

91.0 1433.0 821.0 54.0 peuſt faire en bonne conſcience par ceux qu’il

90.0 1483.0 817.0 53.0 appartient, quand Dieu en donne les moiens,

92.0 1530.0 820.0 54.0 teſmoin l’exemple de Lobna contre loram, &

92.0 1576.0 820.0 56.0 de leruſalem contre Amaſias, & de la guerre

92.0 1624.0 821.0 55.0 de Conſtantin (à la requeſte de ceux de la vil¬

92.0 1673.0 820.0 54.0 le de Rome) contre Maxence, dont i’ai ci-deſ¬

638.0 1723.0 79.0 70.0 L 2

925.0 427.0 146.0 43.0 Pourquo

914.0 462.0 155.0 51.0 les Prophe¬

907.0 503.0 133.0 48.0 tes, Ieſus

907.0 543.0 164.0 48.0 Chriſt, les A¬

911.0 585.0 158.0 47.0 poſtres & au

912.0 620.0 156.0 53.0 tres Martyr

914.0 662.0 154.0 47.0 n’ont reſiſte

910.0 707.0 156.0 43.0 par voie de

908.0 744.0 163.0 51.0 fait aux per

907.0 787.0 144.0 56.0 ſecuteurs.
