1132 1824
445.0 161.0 52.0 56.0 47

58.0 201.0 815.0 57.0 eſtre, ou qui eſt deſia Roi, comparoiſſant en ſes

56.0 253.0 820.0 53.0 Eſtats, pour y faire iuſtice, & receuoir ce qui lui

58.0 301.0 816.0 47.0 eſt deu, ce formulaire eſt mis en auant en ces

59.0 349.0 814.0 55.0 propres mots: NOS qui valemos tanto como

60.0 399.0 815.0 52.0 vos, y podemos mas que vos, vos elegimos Rei

59.0 447.0 815.0 50.0 con eſtas é y eſtas condiciones, entra vos y nos

61.0 493.0 811.0 55.0 vn que manda mas que vos: C’eſt à dire, Nous

60.0 546.0 815.0 49.0 qui vallons autant que vous, & qui pouuons

61.0 590.0 814.0 47.0 plus que vous, vous eſliſons Roi à telles & tel¬

60.0 638.0 814.0 51.0 les condicions, & y en a vn entre vous & nous,

61.0 688.0 815.0 50.0 qui commande par deſſus vous. Voila comme

62.0 730.0 814.0 60.0 les Eſpagnols ont honnoré leurs Rois, iuſques

62.0 782.0 291.0 51.0 où ils deuoient.

104.0 819.0 775.0 67.0 Quoi plus? Chacun ſçait qu'elle eſt l’authori¬

62.0 870.0 812.0 61.0 té de la plus illuſtre aſſemblee des Princes qui

60.0 922.0 816.0 55.0 ſoit au mõde, aſſauoir des ſept Electeurs de l’Em

60.0 969.0 817.0 63.0 pire, tant pour eſlire l’Empereur, que pour le

63.0 1019.0 815.0 56.0 depoſer, ſi beſoin eſt. Comme il aduint à l’Em¬

66.0 1068.0 813.0 55.0 pereur Adolph, l’an 1296. & à l’Empereur

68.0 1115.0 811.0 53.0 Vvenceſlaus l’an 1400. Eſtant auſſi tel le ſer¬

64.0 1167.0 816.0 51.0 ment, auquel eſtoient lors aſtreints les Rois ou

65.0 1211.0 815.0 54.0 Empereurs de Germanie, comme il eſt contenu

66.0 1261.0 813.0 54.0 au traitté intitulé, Speculum Saxonicum, liu.3.

66.0 1307.0 817.0 57.0 art. 54. Quand le Roiſeſlit, il faut qu’il iure &

67.0 1354.0 816.0 58.0 preſte fidelité & hommage à l’Empire, Et qu’il

67.0 1405.0 814.0 47.0 aduancera, & aidera de ſes forces la Iuſtice, em¬

69.0 1455.0 813.0 51.0 peſchant de tout ſon pouuoir toutes iniures, &

68.0 1500.0 815.0 56.0 maintiendra l’Empire en ſes droits de tout ſon

67.0 1549.0 328.0 54.0 ſauoir & pouuoir.

117.0 1597.0 762.0 50.0 Ie vien maintenant aux François, deuant la ve

68.0 1640.0 809.0 59.0 nue deſquels en la Gaule, Cæſar nous monſtre

68.0 1692.0 990.0 64.0 liu.5.de la guerre de Gaule, Que les Rois eſtoiẽt & apres l’a

887.0 828.0 168.0 62.0 Exemple du

887.0 867.0 143.0 73.0 S.Empire.

890.0 1582.0 141.0 52.0 Exemple

888.0 1621.0 177.0 45.0 des Rois de

897.0 1661.0 161.0 47.0 Gaule deuã
