1132 1824
657.0 137.0 60.0 51.0 46

266.0 183.0 825.0 54.0 ne receuions pour eſtre revnis auec nous, ne lui,

266.0 230.0 826.0 52.0 ni ſa femme, à cauſe des maux qu’ils ont commis

266.0 278.0 827.0 53.0 ni leurs enfans, & qu’ils ne ſoient iamais eſleuez

266.0 325.0 825.0 56.0 aux hõneurs, deſquels ils ont eſté deiettez pour

265.0 371.0 824.0 61.0 leurs iniquitez. Voila vn exemple ſingulier,

265.0 422.0 828.0 52.0 auquel i’adiouſterai encores vn decret du 6.Cõ¬

266.0 469.0 826.0 57.0 cile, pareillement tenu à Toledo, auquel apres

265.0 516.0 827.0 57.0 auoir arreſté de chaſſer les Iuifs de tout le Roiau

266.0 564.0 824.0 55.0 me eſt adiouſté ce qui ſ'enſuit: C’EST en vain

266.0 615.0 825.0 55.0 qu’on fait bien, ſi on ne donne ordre qu’on per¬

266.0 664.0 825.0 54.0 ſeuere. Et pourtant apres que le Roi ſera parue¬

265.0 710.0 827.0 55.0 nu à ſon gouuernement, ſ’il fauſſe ceſte promeſ¬

264.0 757.0 827.0 54.0 ſe, qu’il ſoit en execration Maran-atha deuant la

265.0 805.0 827.0 53.0 face de Dieu eternel, & ſoit au feu eternel à ia¬

265.0 858.0 826.0 49.0 mais auec tous ceux qui ſeront enueloppez en ſa

266.0 902.0 824.0 54.0 faute, ſoient Eccleſiaſtiques ou autres Chreſtiẽs.

268.0 950.0 822.0 56.0 Par ces choſes peut-il apparoir quelle eſt l’autho

266.0 997.0 825.0 55.0 rité des Eſtats en Eſpagne ſur leurs Rois contre¬

268.0 1050.0 822.0 49.0 uenans à leurs ſermens, veu nommément que

267.0 1091.0 822.0 60.0 par le droit des fiefs (entre leſquels il faut comp¬

267.0 1145.0 823.0 52.0 ter iuſques aux Roiaumes & Empires) le vaſſal

267.0 1189.0 824.0 56.0 ne doit fidelité à ſon ſeigneur excommunié, cõ¬

265.0 1237.0 825.0 53.0 me il eſt eſcrit au ſecond liure des Feudes, titre

266.0 1289.0 823.0 54.0 28.S.1. L’autre teſmoignage que i’ai promis

266.0 1336.0 824.0 56.0 d’alleguer à ce propos, eſt le formulaire que tiẽ¬

266.0 1385.0 822.0 52.0 nent encores auiourdhui les Eſtats d’Arragon,

268.0 1431.0 821.0 56.0 (ſ’ils n’ont changé) non ſeulemẽt en la reception

266.0 1481.0 822.0 50.0 de leur Roi: mais auſſi de trois ans en trois ans

265.0 1528.0 823.0 52.0 en leurs Eſtats. Là doncques apres infinies cere¬

266.0 1576.0 824.0 55.0 monies qui ſe font entre celui qu’ils appellẽt La

265.0 1622.0 822.0 58.0 iuſtice d’Arragon, repreſentant la ſouueraineté,

267.0 1672.0 823.0 65.0 à laquelle le Roi doit ſerment: & celui qui doit
