1132 1824
641.0 144.0 54.0 48.0 22

258.0 186.0 824.0 59.0 cauſe du temps meſmes des derniers Empereurs

257.0 234.0 825.0 62.0 ſont appellez magiſtrats du peuple Romain : tels

257.0 281.0 822.0 59.0 eſtoient en Iſraël les Chefs des douze Tributs,

258.0 330.0 824.0 61.0 les Capitaines des milliers, les cẽteniers & Cin¬

258.0 380.0 822.0 58.0 quanteniers, & Anciens du peuple: Laquelle po

257.0 424.0 826.0 62.0 lice eſtablie ſous Moiſe n’a point eſté abolie du

259.0 474.0 823.0 64.0 temps que l’eſtat Ariſtocratique fut changé en

259.0 525.0 826.0 59.0 Monarchique: ains a eſté rengee, & exactemẽt

259.0 569.0 825.0 63.0 diſtribuee ſous Salomon. Tels ſont auiourdhui

265.0 620.0 815.0 59.0 les officiers de pluſieurs roiaumes Chreſtiens,

266.0 665.0 816.0 64.0 entre leſquels il eſt raiſonnable de conter les

269.0 709.0 812.0 72.0 Ducs, Marquis, Comtes, Vicõtes, Barons, Cha¬

267.0 761.0 811.0 68.0 ſtellains qui ont iadis eſté eſtats & charges pu¬

269.0 810.0 809.0 70.0 bliques, qui ſe commettoient par ordre legiti¬

262.0 862.0 820.0 62.0 me, & qui depuis pour eſtre deuenues dignitez

263.0 908.0 818.0 62.0 hereditaires, n’ont pourtant changé la nature de

262.0 955.0 818.0 64.0 leur droit & authorité: comme auſſi il faut com¬

264.0 1004.0 817.0 65.0 prendre en ce nombre les officiers electifs des

264.0 1051.0 817.0 63.0 villes, tels que ſont les Maires, Viguiers, Con¬

262.0 1100.0 818.0 66.0 ſuls, Capitoux, Scindiques, Eſcheuins, & autres

265.0 1152.0 221.0 53.0 ſemblables.

310.0 1199.0 769.0 56.0 Or faut il entendre que tous ceux-ci, encores

265.0 1244.0 816.0 65.0 qu’ils ſoient au deſſous de leur ſouuerain (du¬

267.0 1292.0 814.0 66.0 quel auſſi ils reçoiuent commandement, & le¬

265.0 1340.0 819.0 65.0 quel les inſtalle, & approuue) touteſ-fois ne de¬

265.0 1391.0 821.0 63.0 pendent proprement du ſouuerain, mais de la

265.0 1438.0 820.0 59.0 ſouueraineté. Voila pourquoi nonobſtant la

265.0 1487.0 818.0 58.0 mort du ſouuerain, ils demeurent en leurs eſtats

267.0 1534.0 818.0 64.0 tels qu’ils eſtoient, comme auſſi la ſouueraineté

266.0 1584.0 819.0 60.0 demeure en ſon entier. Et quant à ce que le nou

267.0 1630.0 818.0 62.0 ueau ſucceſſeur en l’adminiſtratiõ de la ſouuerai

266.0 1676.0 816.0 73.0 neté, cõferme tels eſtats, & les priuileges des vil¬

124.0 617.0 131.0 42.0 Pluſieurs

86.0 658.0 167.0 50.0 charges pu¬

87.0 697.0 169.0 48.0 bliques ont

85.0 732.0 179.0 55.0 eſté chãgees

85.0 773.0 169.0 55.0 en dignitez

88.0 808.0 158.0 58.0 hereditaires
