<?xml version="1.0" encoding="UTF-8"?>
<alto xmlns:xsi="http://www.w3.org/2001/XMLSchema-instance"
      xmlns="http://www.loc.gov/standards/alto/ns-v4#"
      xsi:schemaLocation="http://www.loc.gov/standards/alto/ns-v4# http://www.loc.gov/standards/alto/v4/alto-4-2.xsd">
  <Description>
    <MeasurementUnit>pixel</MeasurementUnit>
    <sourceImageInformation>
      <fileName>62_912c9_default.jpg</fileName>
      <fileIdentifier>mets//83_796e0_default.zip/62_912c9_default.jpg</fileIdentifier>
    </sourceImageInformation>
  </Description>
  <Tags>
    <OtherTag ID="BT7" LABEL="CustomZone" DESCRIPTION="block type CustomZone"/><OtherTag ID="BT8" LABEL="DamageZone" DESCRIPTION="block type DamageZone"/><OtherTag ID="BT9" LABEL="DigitizationArtefactZone" DESCRIPTION="block type DigitizationArtefactZone"/><OtherTag ID="BT10" LABEL="DropCapitalZone" DESCRIPTION="block type DropCapitalZone"/><OtherTag ID="BT11" LABEL="GraphicZone" DESCRIPTION="block type GraphicZone"/><OtherTag ID="BT12" LABEL="MainZone" DESCRIPTION="block type MainZone"/><OtherTag ID="BT13" LABEL="MarginTextZone" DESCRIPTION="block type MarginTextZone"/><OtherTag ID="BT14" LABEL="MusicZone" DESCRIPTION="block type MusicZone"/><OtherTag ID="BT15" LABEL="NumberingZone" DESCRIPTION="block type NumberingZone"/><OtherTag ID="BT17" LABEL="QuireMarksZone" DESCRIPTION="block type QuireMarksZone"/><OtherTag ID="BT18" LABEL="RunningTitleZone" DESCRIPTION="block type RunningTitleZone"/><OtherTag ID="BT19" LABEL="SealZone" DESCRIPTION="block type SealZone"/><OtherTag ID="BT20" LABEL="StampZone" DESCRIPTION="block type StampZone"/><OtherTag ID="BT21" LABEL="TableZone" DESCRIPTION="block type TableZone"/><OtherTag ID="BT22" LABEL="TitlePageZone" DESCRIPTION="block type TitlePageZone"/><OtherTag ID="BT2582" LABEL="MainZone-Head" DESCRIPTION="block type MainZone-Head"/><OtherTag ID="BT2583" LABEL="MainZone-P" DESCRIPTION="block type MainZone-P"/><OtherTag ID="BT2584" LABEL="MarginTextZone-Notes" DESCRIPTION="block type MarginTextZone-Notes"/><OtherTag ID="BT2585" LABEL="MainZone-Continued" DESCRIPTION="block type MainZone-Continued"/>
    <OtherTag ID="LT7" LABEL="CustomLine" DESCRIPTION="line type CustomLine"/><OtherTag ID="LT8" LABEL="DefaultLine" DESCRIPTION="line type DefaultLine"/><OtherTag ID="LT9" LABEL="DropCapitalLine" DESCRIPTION="line type DropCapitalLine"/><OtherTag ID="LT10" LABEL="HeadingLine" DESCRIPTION="line type HeadingLine"/><OtherTag ID="LT11" LABEL="InterlinearLine" DESCRIPTION="line type InterlinearLine"/><OtherTag ID="LT12" LABEL="MusicLine" DESCRIPTION="line type MusicLine"/>
  </Tags>
  <Layout>
    <Page WIDTH="1132"
          HEIGHT="1824"
          PHYSICAL_IMG_NR="62"
          ID="eSc_dummypage_">
      <PrintSpace HPOS="0"
                  VPOS="0"
                  WIDTH="1132"
                  HEIGHT="1824">
        <TextBlock HPOS="470.0"
                   VPOS="143.0"
                   WIDTH="44.0"
                   HEIGHT="42.0"
                   ID="eSc_textblock_dbbe936c"
                   TAGREFS="BT15">
          <Shape><Polygon POINTS="470 143 470 185 514 185 514 143"/></Shape>
          <TextLine ID="eSc_line_0fa19039"
                    TAGREFS="LT8"
                    BASELINE="474 170 504 170" 
                    HPOS="474.0"
                    VPOS="141.0"
                    WIDTH="30.0"
                    HEIGHT="51.0">
            <Shape><Polygon POINTS="494 145 484 143 474 141 474 170 474 182 502 192 504 170 504 146 494 145"/></Shape>
	    <String CONTENT="63"
                    HPOS="474.0"
                    VPOS="141.0"
                    WIDTH="30.0"
                    HEIGHT="51.0"
                    WC="0.9853014945983887"></String>
          </TextLine>
        </TextBlock>
        <TextBlock HPOS="58.0"
                   VPOS="185.0"
                   WIDTH="834.0"
                   HEIGHT="1100.0"
                   ID="eSc_textblock_6399bc6f"
                   TAGREFS="BT2585">
          <Shape><Polygon POINTS="60 185 58 1285 889 1285 892 189"/></Shape>
          <TextLine ID="eSc_line_730bbd39"
                    TAGREFS="LT8"
                    BASELINE="65 215 894 221" 
                    HPOS="65.0"
                    VPOS="178.0"
                    WIDTH="829.0"
                    HEIGHT="61.0">
            <Shape><Polygon POINTS="886 195 876 192 872 191 852 189 846 189 836 188 826 188 823 191 821 193 765 193 762 190 756 185 755 185 744 185 734 185 724 184 714 184 704 184 694 183 684 183 673 182 668 182 661 188 656 192 619 192 610 187 594 180 593 180 592 180 557 186 531 190 517 185 512 183 511 183 510 183 485 184 468 185 464 184 453 179 451 179 450 179 427 183 395 189 385 182 381 179 380 179 379 179 378 179 357 182 326 186 318 181 314 178 313 178 312 178 311 178 298 180 264 189 216 189 202 178 197 178 193 178 178 187 164 180 163 180 162 180 161 180 135 187 123 178 116 178 115 178 94 185 72 178 65 178 65 215 65 233 141 225 212 233 213 233 308 226 327 232 328 232 329 232 364 228 373 234 374 234 375 234 376 234 379 234 428 228 456 234 460 235 461 235 466 234 494 229 502 235 505 237 506 237 507 237 508 238 536 238 536 237 537 237 542 235 554 229 594 235 619 238 620 239 673 239 673 238 674 238 684 235 699 230 712 235 720 238 721 238 722 238 723 238 729 235 736 231 772 235 805 239 806 239 893 235 894 221 893 196 886 195"/></Shape>
	    <String CONTENT="pal autheur du cõtract, &amp; par laquelle deux per¬"
                    HPOS="65.0"
                    VPOS="178.0"
                    WIDTH="829.0"
                    HEIGHT="61.0"
                    WC="0.9980484453999267"></String>
          </TextLine>
          <TextLine ID="eSc_line_8a661173"
                    TAGREFS="LT8"
                    BASELINE="64 263 893 272" 
                    HPOS="63.0"
                    VPOS="226.0"
                    WIDTH="830.0"
                    HEIGHT="58.0">
            <Shape><Polygon POINTS="64 263 63 273 891 284 893 272 891 235 803 244 776 234 772 233 771 233 734 233 733 233 732 233 729 234 713 243 664 236 663 236 662 236 661 236 651 242 612 242 601 234 597 231 596 231 595 231 594 231 561 233 560 233 559 233 558 234 545 241 520 241 508 234 500 230 499 230 476 230 475 230 474 230 473 230 468 234 458 240 391 240 380 234 372 230 371 230 370 230 351 234 341 236 337 234 326 228 325 228 287 228 286 228 285 228 271 234 260 238 239 238 234 234 224 226 223 226 222 226 221 226 192 234 177 237 64 234 64 263"/></Shape>
	    <String CONTENT="ſonnes ſont faittes vne chair? Et toutesfois par le"
                    HPOS="63.0"
                    VPOS="226.0"
                    WIDTH="830.0"
                    HEIGHT="58.0"
                    WC="0.9809952565267974"></String>
          </TextLine>
          <TextLine ID="eSc_line_bfb9f626"
                    TAGREFS="LT8"
                    BASELINE="65 311 893 320" 
                    HPOS="65.0"
                    VPOS="274.0"
                    WIDTH="828.0"
                    HEIGHT="61.0">
            <Shape><Polygon POINTS="65 311 65 322 142 322 143 322 160 328 161 328 162 328 210 323 220 322 225 323 248 329 249 329 250 329 325 324 340 323 343 324 358 330 359 330 360 330 389 324 392 324 399 324 449 329 450 329 507 325 516 325 521 325 564 332 565 332 636 328 649 333 650 333 651 333 712 328 752 334 753 334 755 334 773 329 807 335 808 335 892 328 893 320 891 290 807 291 801 289 783 281 782 281 781 281 747 288 739 290 733 288 710 280 709 280 708 280 668 288 659 289 582 289 579 287 569 282 568 282 567 282 545 287 542 287 541 287 527 278 526 278 525 278 524 278 453 286 441 287 439 286 427 277 426 277 425 277 381 277 380 277 379 277 363 285 361 286 358 285 331 276 330 276 307 276 306 276 305 276 304 276 291 285 289 286 252 286 251 284 240 275 239 275 238 275 237 275 236 275 225 279 158 274 157 274 156 274 135 282 88 274 87 274 86 274 65 282 65 311"/></Shape>
	    <String CONTENT="dire de l’Apoſtre, Si l’vne des parties abandonne"
                    HPOS="65.0"
                    VPOS="274.0"
                    WIDTH="828.0"
                    HEIGHT="61.0"
                    WC="0.9990038154076557"></String>
          </TextLine>
          <TextLine ID="eSc_line_4a2bb3cb"
                    TAGREFS="LT8"
                    BASELINE="64 359 893 366" 
                    HPOS="64.0"
                    VPOS="323.0"
                    WIDTH="829.0"
                    HEIGHT="60.0">
            <Shape><Polygon POINTS="64 359 65 375 88 369 151 375 163 376 164 376 165 376 167 375 183 369 224 375 239 377 240 377 254 375 286 370 308 375 320 378 321 378 322 378 323 378 332 375 345 371 390 371 405 375 420 380 421 380 422 380 475 375 511 372 516 375 521 380 522 380 523 380 524 380 569 375 590 373 606 375 644 381 645 381 646 381 663 375 677 382 678 382 680 382 743 376 751 382 752 382 753 382 842 383 843 383 892 374 893 366 891 338 801 340 791 336 779 330 778 330 777 330 776 330 766 335 759 339 727 335 721 334 720 334 719 334 717 334 702 339 689 334 676 329 675 329 645 328 644 328 643 328 631 333 618 338 602 332 596 330 595 330 565 328 564 328 563 328 562 328 558 331 555 333 543 331 515 327 514 327 513 327 506 331 492 338 455 338 441 329 440 329 439 329 438 329 437 329 436 329 421 335 409 329 403 326 402 326 401 326 381 328 322 336 285 327 279 325 278 325 277 325 276 325 270 326 237 335 212 325 211 325 210 325 209 325 208 325 207 325 190 335 161 335 64 323 64 359"/></Shape>
	    <String CONTENT="l’autre du tout, celle qui eſt abandõnee eſt quit¬"
                    HPOS="64.0"
                    VPOS="323.0"
                    WIDTH="829.0"
                    HEIGHT="60.0"
                    WC="0.9755359245281593"></String>
          </TextLine>
          <TextLine ID="eSc_line_d7030e9d"
                    TAGREFS="LT8"
                    BASELINE="65 408 894 416" 
                    HPOS="64.0"
                    VPOS="370.0"
                    WIDTH="830.0"
                    HEIGHT="57.0">
            <Shape><Polygon POINTS="65 408 64 420 892 427 894 416 894 377 853 377 852 377 851 377 850 377 832 389 739 383 738 383 702 388 683 378 677 375 676 375 652 375 651 375 650 375 644 378 627 386 611 378 606 376 605 376 604 376 602 376 595 378 574 385 517 378 510 378 509 378 508 378 507 378 490 386 482 380 475 373 474 373 473 373 472 373 471 373 453 380 434 386 379 386 339 380 274 371 273 371 232 381 218 384 202 384 198 381 187 371 186 371 185 371 184 371 183 371 154 381 140 370 139 370 138 370 137 370 65 381 65 408"/></Shape>
	    <String CONTENT="te de ſon obligation, d’autant que l’autre a violé"
                    HPOS="64.0"
                    VPOS="370.0"
                    WIDTH="830.0"
                    HEIGHT="57.0"
                    WC="0.9936416558190888"></String>
          </TextLine>
          <TextLine ID="eSc_line_cb65a2ce"
                    TAGREFS="LT8"
                    BASELINE="64 456 893 465" 
                    HPOS="64.0"
                    VPOS="419.0"
                    WIDTH="829.0"
                    HEIGHT="64.0">
            <Shape><Polygon POINTS="892 435 847 428 846 428 845 428 835 433 827 437 813 433 809 432 808 432 807 432 778 432 663 435 636 430 617 426 616 426 615 426 604 429 595 431 592 429 588 425 587 425 586 425 585 425 584 425 575 428 561 434 539 428 538 428 537 428 536 428 488 433 472 426 466 424 465 424 432 423 385 423 384 423 383 423 382 423 380 425 366 432 287 432 249 430 238 422 237 421 236 421 235 421 234 421 218 422 105 429 65 419 64 456 64 473 122 466 170 473 171 473 216 466 266 466 281 474 288 477 289 477 290 478 313 478 313 477 314 477 321 474 336 467 357 474 368 478 369 478 370 478 410 474 464 469 477 474 487 479 488 479 524 480 525 480 556 475 582 470 624 470 630 475 632 477 633 477 634 477 635 477 662 475 698 472 709 475 722 479 723 479 724 479 753 475 764 474 766 475 776 482 777 482 778 482 801 483 802 483 803 483 831 475 834 475 891 475 893 465 892 435"/></Shape>
	    <String CONTENT="la condition principalle appoſee au mariage. Or"
                    HPOS="64.0"
                    VPOS="419.0"
                    WIDTH="829.0"
                    HEIGHT="64.0"
                    WC="0.994372677295766"></String>
          </TextLine>
          <TextLine ID="eSc_line_6eb99e91"
                    TAGREFS="LT8"
                    BASELINE="65 504 893 513" 
                    HPOS="64.0"
                    VPOS="469.0"
                    WIDTH="829.0"
                    HEIGHT="60.0">
            <Shape><Polygon POINTS="65 504 64 520 122 521 123 521 124 521 126 521 151 514 166 519 167 519 168 519 225 514 268 519 269 519 270 519 291 514 305 521 309 523 310 523 311 523 323 521 355 515 365 521 369 524 370 524 371 524 372 525 415 525 415 524 416 524 425 521 439 517 465 521 486 525 487 525 488 525 489 525 494 522 503 516 594 516 608 522 621 527 622 527 623 527 665 522 675 521 680 522 690 525 691 525 692 525 693 525 701 522 708 519 716 522 726 526 727 526 728 526 729 526 730 526 735 522 739 519 750 522 761 525 762 525 763 525 781 522 800 519 809 522 827 529 828 529 829 529 831 529 847 522 849 522 891 522 893 513 893 485 874 480 873 480 872 480 871 480 859 484 855 486 853 484 843 477 842 477 841 477 808 477 807 477 806 477 789 484 788 484 786 484 764 478 763 478 762 478 761 478 760 478 751 483 749 485 743 483 718 476 717 476 670 475 669 475 668 475 667 475 657 483 654 485 623 485 620 482 608 474 607 474 606 474 579 474 578 474 577 474 576 474 566 482 563 483 552 482 520 478 519 478 504 481 499 482 495 481 458 473 457 473 418 481 413 481 343 481 341 480 332 475 331 475 330 475 329 475 319 480 318 481 251 481 246 479 213 470 212 470 211 470 175 478 172 479 170 478 144 469 143 469 142 469 65 477 65 504"/></Shape>
	    <String CONTENT="poſons le cas que quelqu’vn die qu’il veut bien"
                    HPOS="64.0"
                    VPOS="469.0"
                    WIDTH="829.0"
                    HEIGHT="60.0"
                    WC="0.9967943670901847"></String>
          </TextLine>
          <TextLine ID="eSc_line_9e63ccf5"
                    TAGREFS="LT8"
                    BASELINE="66 552 893 561" 
                    HPOS="65.0"
                    VPOS="515.0"
                    WIDTH="828.0"
                    HEIGHT="58.0">
            <Shape><Polygon POINTS="66 552 65 560 891 573 893 561 892 533 846 522 845 522 800 527 791 521 790 521 789 521 788 521 758 527 723 521 722 521 721 521 720 521 710 529 675 520 674 520 673 520 672 520 649 526 621 520 620 520 619 520 588 528 587 529 537 529 536 528 523 518 522 518 521 518 520 518 468 527 466 527 464 527 434 517 433 517 432 517 431 517 402 526 401 527 354 527 352 526 341 518 340 518 339 518 338 518 337 518 316 525 316 526 257 526 255 525 240 515 239 515 238 515 180 515 179 515 178 515 177 515 164 524 162 524 66 523 66 552"/></Shape>
	    <String CONTENT="auoir ſa femme auec ſoi, ſi touteſ-fois il eſt bien"
                    HPOS="65.0"
                    VPOS="515.0"
                    WIDTH="828.0"
                    HEIGHT="58.0"
                    WC="0.9960665878127603"></String>
          </TextLine>
          <TextLine ID="eSc_line_3b304b63"
                    TAGREFS="LT8"
                    BASELINE="64 598 892 608" 
                    HPOS="63.0"
                    VPOS="567.0"
                    WIDTH="829.0"
                    HEIGHT="58.0">
            <Shape><Polygon POINTS="64 598 63 609 121 615 122 615 123 615 136 610 138 610 142 610 171 615 172 615 206 611 209 611 219 618 220 618 221 618 248 619 249 619 324 612 332 612 467 613 468 614 478 620 479 620 480 620 481 620 546 615 547 615 548 615 558 622 559 622 560 622 619 623 620 623 696 616 704 616 706 616 722 622 723 622 724 622 769 617 773 617 778 617 838 625 839 625 891 618 892 608 892 583 781 582 780 581 760 572 759 572 725 572 724 572 723 572 703 580 702 581 632 581 594 580 592 579 570 570 569 570 530 570 529 570 527 570 526 570 516 577 497 571 496 571 495 571 494 571 481 577 478 578 443 577 426 568 425 568 424 568 389 574 353 568 352 568 351 568 335 575 335 576 314 576 313 575 303 567 302 567 300 567 299 567 252 572 234 568 233 568 232 568 231 568 217 574 213 575 64 572 64 598"/></Shape>
	    <String CONTENT="notoire qu’il ne la demande que pour la meur¬"
                    HPOS="63.0"
                    VPOS="567.0"
                    WIDTH="829.0"
                    HEIGHT="58.0"
                    WC="0.997888117366367"></String>
          </TextLine>
          <TextLine ID="eSc_line_502c7c8c"
                    TAGREFS="LT8"
                    BASELINE="63 647 889 658" 
                    HPOS="63.0"
                    VPOS="615.0"
                    WIDTH="826.0"
                    HEIGHT="59.0">
            <Shape><Polygon POINTS="63 647 63 660 149 660 152 661 157 665 158 665 159 665 160 665 220 662 274 660 280 663 287 667 288 667 289 667 290 667 291 667 296 664 302 661 437 661 454 667 460 668 461 668 588 671 589 671 614 669 659 666 665 670 666 672 667 672 668 672 669 672 691 671 744 667 758 672 761 673 762 673 763 673 764 673 766 672 777 667 865 667 886 674 889 658 889 633 865 623 864 623 814 623 813 623 812 623 811 623 801 630 718 625 717 625 671 630 665 630 658 630 595 623 594 623 573 627 562 619 561 619 560 619 504 618 503 618 502 618 484 627 461 627 399 626 363 616 362 616 320 616 319 616 318 616 302 625 299 625 215 625 213 624 197 615 196 615 195 615 194 615 167 623 165 623 63 622 63 647"/></Shape>
	    <String CONTENT="trir, ou en voir le bout à quelque pris que ce ſoit,"
                    HPOS="63.0"
                    VPOS="615.0"
                    WIDTH="826.0"
                    HEIGHT="59.0"
                    WC="0.9827815204296472"></String>
          </TextLine>
          <TextLine ID="eSc_line_d186d469"
                    TAGREFS="LT8"
                    BASELINE="64 696 867 703" 
                    HPOS="63.0"
                    VPOS="661.0"
                    WIDTH="804.0"
                    HEIGHT="57.0">
            <Shape><Polygon POINTS="64 696 63 706 109 711 110 711 153 707 171 706 176 708 191 713 192 713 193 713 299 709 330 708 335 709 349 714 350 714 351 714 352 714 370 710 378 708 386 710 407 715 408 715 409 715 445 710 458 709 481 711 545 716 546 716 598 712 624 710 632 712 648 717 649 717 650 718 703 718 703 717 704 717 705 717 710 713 713 711 739 713 794 718 795 718 866 714 867 703 865 670 779 675 763 669 753 666 752 666 751 666 733 669 716 673 711 669 707 666 706 666 705 666 704 666 684 669 668 672 659 669 649 666 648 666 585 665 584 665 583 665 582 665 576 669 570 674 523 674 514 669 503 664 502 664 501 664 500 664 482 669 471 673 409 673 395 669 372 664 371 664 370 664 369 664 363 669 360 672 295 672 253 671 250 669 236 662 235 662 234 662 190 669 187 669 185 669 159 661 158 661 132 661 131 661 130 661 129 661 117 669 113 669 78 664 77 664 76 664 64 668 64 696"/></Shape>
	    <String CONTENT="ne ſera-il pas tenu pour manifeſte deſerteur?"
                    HPOS="63.0"
                    VPOS="661.0"
                    WIDTH="804.0"
                    HEIGHT="57.0"
                    WC="0.9990685039096409"></String>
          </TextLine>
          <TextLine ID="eSc_line_aa2ae5e5"
                    TAGREFS="LT8"
                    BASELINE="68 742 889 753" 
                    HPOS="67.0"
                    VPOS="709.0"
                    WIDTH="822.0"
                    HEIGHT="59.0">
            <Shape><Polygon POINTS="68 742 67 750 96 757 97 757 123 753 251 760 252 760 276 755 282 754 284 755 292 761 293 761 294 761 428 762 429 762 430 762 431 762 435 758 439 756 887 768 889 753 889 725 877 721 876 721 875 721 839 725 823 726 819 724 807 719 806 719 805 719 783 724 775 725 768 723 741 715 740 715 739 715 738 715 716 721 707 715 706 715 705 715 704 715 703 715 678 721 670 723 648 721 623 718 622 718 612 720 597 723 592 720 583 713 582 713 581 713 580 713 579 713 563 719 553 723 517 723 503 718 500 717 499 717 498 717 481 717 418 719 413 716 407 711 406 711 405 711 312 710 311 710 310 710 303 713 292 719 68 709 68 742"/></Shape>
	    <String CONTENT="Certainement les Tyrans ne doiuent eſtre tenus"
                    HPOS="67.0"
                    VPOS="709.0"
                    WIDTH="822.0"
                    HEIGHT="59.0"
                    WC="0.9906225670938906"></String>
          </TextLine>
          <TextLine ID="eSc_line_35536cd0"
                    TAGREFS="LT8"
                    BASELINE="65 791 890 800" 
                    HPOS="65.0"
                    VPOS="760.0"
                    WIDTH="825.0"
                    HEIGHT="56.0">
            <Shape><Polygon POINTS="65 791 65 809 219 802 267 809 275 810 276 810 282 809 310 803 328 809 340 813 341 813 342 813 371 809 395 806 400 809 406 813 407 813 408 813 449 814 450 814 484 809 510 805 529 809 556 815 557 815 655 809 672 808 694 809 813 814 814 814 848 809 861 816 862 816 863 816 864 816 889 808 890 800 890 775 833 775 832 774 819 765 818 765 817 765 816 765 815 765 801 772 791 764 790 764 789 764 768 764 767 764 766 764 765 764 751 772 732 767 731 767 730 767 729 767 714 771 703 763 702 763 701 763 700 763 655 772 653 772 651 772 615 762 614 762 583 762 582 762 581 762 563 771 562 771 510 771 510 770 490 761 489 761 488 761 440 770 436 770 432 770 391 760 319 760 318 760 317 760 291 768 289 768 285 768 238 763 237 763 236 763 221 767 215 762 214 762 213 762 212 762 211 762 195 767 193 767 65 766 65 791"/></Shape>
	    <String CONTENT="pour autres, attẽdu qu’ils ne pretendent de iou¬"
                    HPOS="65.0"
                    VPOS="760.0"
                    WIDTH="825.0"
                    HEIGHT="56.0"
                    WC="0.9893674084118435"></String>
          </TextLine>
          <TextLine ID="eSc_line_7bc551eb"
                    TAGREFS="LT8"
                    BASELINE="63 838 890 849" 
                    HPOS="62.0"
                    VPOS="800.0"
                    WIDTH="828.0"
                    HEIGHT="65.0">
            <Shape><Polygon POINTS="63 838 62 853 287 851 363 852 373 856 387 860 388 860 389 860 390 860 391 860 396 856 400 853 437 853 448 856 466 861 467 861 514 862 515 862 546 856 556 855 566 857 599 862 600 862 647 857 657 856 659 857 663 861 664 861 665 861 666 861 702 858 740 865 741 865 742 865 757 858 801 865 802 865 862 860 876 865 877 865 878 865 879 865 880 865 889 858 890 849 889 820 843 820 841 819 828 812 827 812 826 812 825 812 824 812 819 816 810 809 809 809 808 809 777 809 776 809 775 809 748 818 747 818 745 818 721 808 720 808 719 808 718 808 717 808 710 813 655 807 654 807 653 807 637 814 624 807 623 807 589 806 588 806 587 806 570 815 569 816 519 816 518 815 510 808 509 808 508 808 507 808 506 808 505 808 496 814 495 815 446 815 445 814 439 809 438 809 437 809 436 809 435 809 421 813 412 806 411 806 410 806 409 806 379 813 376 813 365 805 364 805 363 805 362 805 361 805 348 812 329 803 328 803 287 802 286 802 285 802 257 811 256 811 252 811 129 800 128 800 63 808 63 838"/></Shape>
	    <String CONTENT="ir de leurs ſubiets, ſinon pour ſatiſ-faire à leurs"
                    HPOS="62.0"
                    VPOS="800.0"
                    WIDTH="828.0"
                    HEIGHT="65.0"
                    WC="0.9911076781841425"></String>
          </TextLine>
          <TextLine ID="eSc_line_ad4379db"
                    TAGREFS="LT8"
                    BASELINE="64 885 889 895" 
                    HPOS="64.0"
                    VPOS="850.0"
                    WIDTH="825.0"
                    HEIGHT="63.0">
            <Shape><Polygon POINTS="64 885 64 897 156 897 159 898 166 903 167 903 168 903 169 903 242 899 250 899 251 899 263 904 264 904 265 904 266 904 277 899 280 898 296 899 330 903 331 903 349 900 355 899 357 900 366 906 367 906 368 906 369 906 401 900 405 900 462 901 488 901 496 908 497 908 498 908 499 908 500 908 524 902 576 902 642 910 643 910 708 903 711 903 712 903 730 912 731 912 732 912 790 905 838 913 839 913 888 904 889 895 887 860 846 865 825 859 823 859 822 859 821 859 820 859 818 859 799 866 789 859 788 858 787 858 786 858 722 857 721 857 720 857 712 859 696 864 683 859 676 857 675 857 674 857 673 857 672 857 670 859 658 867 642 867 627 859 620 856 619 856 618 856 617 856 616 856 612 859 600 866 568 866 549 859 538 855 537 855 536 855 535 855 534 855 529 859 520 865 478 865 448 858 425 854 424 854 423 854 409 858 394 863 332 863 314 858 286 852 285 852 284 852 283 852 274 858 268 862 240 862 217 858 202 856 201 856 200 856 192 858 183 860 174 858 147 850 146 850 124 850 123 850 122 850 121 850 110 858 107 859 64 858 64 885"/></Shape>
	    <String CONTENT="mal-heureuſes cupiditez, à la ruine &amp; deſtructiõ"
                    HPOS="64.0"
                    VPOS="850.0"
                    WIDTH="825.0"
                    HEIGHT="63.0"
                    WC="0.9745167779922486"></String>
          </TextLine>
          <TextLine ID="eSc_line_a042b566"
                    TAGREFS="LT8"
                    BASELINE="65 933 888 943" 
                    HPOS="65.0"
                    VPOS="900.0"
                    WIDTH="823.0"
                    HEIGHT="61.0">
            <Shape><Polygon POINTS="65 933 65 944 145 944 149 946 162 952 163 952 164 952 238 948 269 946 283 948 313 954 314 954 394 950 451 948 465 952 479 956 480 956 481 957 514 957 514 956 515 956 516 956 520 953 526 949 562 953 577 955 578 955 593 954 639 950 659 955 670 958 671 958 745 959 746 959 758 957 782 952 813 958 826 960 827 961 827 960 838 958 867 953 885 959 888 943 888 919 864 909 863 909 862 909 861 909 844 918 843 919 817 919 815 917 804 909 803 909 802 909 801 909 800 909 799 909 789 917 788 918 751 918 749 916 740 908 739 908 738 908 737 908 695 915 694 915 693 915 662 907 661 907 660 907 646 914 642 916 560 916 553 913 536 905 535 905 534 905 504 912 491 914 487 910 484 908 483 908 482 908 481 908 458 910 441 912 438 909 431 904 430 904 429 904 428 904 407 909 397 913 331 913 293 907 284 906 283 906 282 906 279 906 265 910 249 906 231 901 230 901 207 901 206 901 205 901 204 901 199 905 194 908 186 905 178 902 177 902 176 902 175 902 174 902 170 904 163 908 134 908 127 904 120 900 119 900 118 900 65 902 65 933"/></Shape>
	    <String CONTENT="d’iceux. Pourquoi donques n’en iugera-on de"
                    HPOS="65.0"
                    VPOS="900.0"
                    WIDTH="823.0"
                    HEIGHT="61.0"
                    WC="0.9914857897647592"></String>
          </TextLine>
          <TextLine ID="eSc_line_0cb6ee51"
                    TAGREFS="LT8"
                    BASELINE="65 980 889 993" 
                    HPOS="64.0"
                    VPOS="945.0"
                    WIDTH="825.0"
                    HEIGHT="61.0">
            <Shape><Polygon POINTS="65 980 64 995 887 1006 889 993 889 960 818 955 817 955 816 955 808 959 798 965 769 965 758 959 748 954 747 954 721 954 720 954 719 954 711 958 704 962 692 958 676 953 675 953 674 953 635 958 606 961 567 957 534 954 533 954 532 954 525 957 519 960 487 957 470 955 469 955 459 956 443 959 438 956 435 954 434 954 433 954 432 954 358 956 295 957 291 955 278 947 277 947 276 947 250 947 249 947 248 947 230 955 227 956 223 955 209 946 208 946 207 946 206 946 205 946 173 954 169 955 166 954 139 945 138 945 137 945 136 945 110 954 108 954 65 954 65 980"/></Shape>
	    <String CONTENT="meſmes? aſſauoir, ceux qui auront l’authorité. Et"
                    HPOS="64.0"
                    VPOS="945.0"
                    WIDTH="825.0"
                    HEIGHT="61.0"
                    WC="0.991452910900116"></String>
          </TextLine>
          <TextLine ID="eSc_line_36654adf"
                    TAGREFS="LT8"
                    BASELINE="64 1029 889 1039" 
                    HPOS="63.0"
                    VPOS="997.0"
                    WIDTH="826.0"
                    HEIGHT="58.0">
            <Shape><Polygon POINTS="64 1029 63 1044 201 1041 331 1047 338 1047 339 1047 342 1047 383 1043 391 1047 391 1048 392 1048 393 1048 394 1048 417 1048 503 1045 531 1048 560 1052 561 1052 590 1049 615 1046 643 1049 663 1051 664 1051 678 1049 694 1047 699 1049 706 1053 707 1053 708 1053 709 1053 720 1049 725 1048 731 1050 747 1054 748 1054 749 1054 769 1050 774 1049 779 1050 806 1055 807 1055 888 1050 889 1039 887 1010 746 1013 731 1007 718 1002 717 1002 716 1002 715 1002 714 1002 707 1007 698 1012 565 1012 543 1004 531 1000 530 1000 501 1000 500 1000 499 1000 492 1003 479 1010 451 1003 437 999 436 999 435 999 418 1002 386 1009 313 1009 281 1000 269 997 268 997 64 997 64 1029"/></Shape>
	    <String CONTENT="ſi par les Canons ecclaſiaſtiques vne femme ne"
                    HPOS="63.0"
                    VPOS="997.0"
                    WIDTH="826.0"
                    HEIGHT="58.0"
                    WC="0.9978191891442174"></String>
          </TextLine>
          <TextLine ID="eSc_line_77cef5ff"
                    TAGREFS="LT8"
                    BASELINE="65 1078 888 1087" 
                    HPOS="65.0"
                    VPOS="1043.0"
                    WIDTH="823.0"
                    HEIGHT="57.0">
            <Shape><Polygon POINTS="65 1078 65 1093 152 1089 162 1094 164 1095 165 1095 166 1096 201 1096 201 1095 202 1095 205 1095 229 1089 255 1094 256 1094 324 1090 345 1096 351 1097 352 1097 353 1097 369 1096 416 1091 465 1096 466 1096 467 1096 565 1093 577 1097 582 1099 583 1099 584 1099 585 1099 590 1097 604 1093 633 1098 650 1100 651 1100 887 1099 888 1087 887 1061 805 1061 797 1059 767 1052 766 1052 765 1052 749 1058 745 1060 707 1060 698 1057 671 1048 670 1048 669 1048 631 1055 615 1058 605 1055 584 1047 583 1047 582 1047 545 1052 537 1047 536 1047 535 1047 465 1046 464 1046 463 1046 443 1051 433 1054 426 1051 413 1045 412 1045 379 1045 378 1045 334 1049 283 1054 274 1048 270 1044 269 1044 268 1044 249 1043 248 1043 221 1047 178 1053 65 1044 65 1078"/></Shape>
	    <String CONTENT="pouuant eſtre en ſeurté de ſa perſonne auec vn"
                    HPOS="65.0"
                    VPOS="1043.0"
                    WIDTH="823.0"
                    HEIGHT="57.0"
                    WC="0.9874612955336876"></String>
          </TextLine>
          <TextLine ID="eSc_line_2cbc7518"
                    TAGREFS="LT8"
                    BASELINE="63 1124 886 1136" 
                    HPOS="62.0"
                    VPOS="1090.0"
                    WIDTH="824.0"
                    HEIGHT="61.0">
            <Shape><Polygon POINTS="63 1124 62 1132 203 1142 204 1142 264 1136 271 1143 272 1143 273 1143 274 1143 323 1137 408 1145 409 1145 436 1140 477 1146 478 1146 479 1146 491 1141 507 1146 508 1146 509 1146 510 1146 524 1141 606 1141 704 1149 705 1149 737 1144 771 1150 772 1150 773 1150 787 1145 817 1151 818 1151 885 1145 886 1136 886 1100 791 1100 790 1100 789 1100 773 1109 750 1109 695 1099 681 1097 577 1096 576 1096 575 1096 574 1096 570 1099 560 1105 480 1105 463 1098 448 1094 447 1094 421 1094 420 1094 419 1094 418 1094 412 1098 405 1103 380 1103 370 1098 359 1093 358 1093 357 1093 335 1098 322 1102 270 1102 166 1098 161 1098 145 1090 144 1090 143 1090 142 1090 141 1090 131 1098 63 1098 63 1124"/></Shape>
	    <String CONTENT="mari, ne peut eſtre cõtrainte d’habiter auec lui:"
                    HPOS="62.0"
                    VPOS="1090.0"
                    WIDTH="824.0"
                    HEIGHT="61.0"
                    WC="0.9821282958984375"></String>
          </TextLine>
          <TextLine ID="eSc_line_b834a612"
                    TAGREFS="LT8"
                    BASELINE="66 1173 886 1181" 
                    HPOS="66.0"
                    VPOS="1134.0"
                    WIDTH="820.0"
                    HEIGHT="64.0">
            <Shape><Polygon POINTS="886 1181 886 1153 855 1143 854 1143 853 1143 852 1143 828 1151 820 1155 784 1155 744 1154 737 1149 725 1142 724 1142 723 1142 722 1142 721 1142 704 1149 695 1152 676 1148 652 1143 651 1143 619 1147 591 1150 577 1146 559 1140 558 1140 476 1138 475 1138 450 1143 434 1146 429 1143 424 1138 423 1138 422 1138 391 1138 390 1138 389 1138 388 1138 385 1142 373 1150 333 1141 321 1137 320 1137 319 1137 314 1140 292 1149 190 1149 131 1136 130 1136 129 1136 104 1145 67 1134 66 1173 66 1186 129 1184 160 1187 208 1192 209 1192 210 1192 222 1187 225 1186 227 1187 233 1192 234 1192 235 1192 236 1192 258 1187 270 1185 274 1187 283 1193 284 1193 285 1193 286 1193 315 1188 325 1186 351 1188 407 1192 408 1192 409 1192 421 1188 426 1187 450 1188 512 1192 513 1192 542 1189 550 1188 556 1189 598 1196 599 1196 600 1196 621 1189 622 1189 640 1196 641 1196 711 1197 712 1197 713 1197 725 1192 790 1198 791 1198 848 1193 868 1197 869 1197 870 1197 885 1190 886 1181"/></Shape>
	    <String CONTENT="Pourquoi ne ſera-il loiſible à vn Magiſtrat infe¬"
                    HPOS="66.0"
                    VPOS="1134.0"
                    WIDTH="820.0"
                    HEIGHT="64.0"
                    WC="0.9940973770618439"></String>
          </TextLine>
          <TextLine ID="eSc_line_4ac07b8c"
                    TAGREFS="LT8"
                    BASELINE="64 1222 888 1232" 
                    HPOS="63.0"
                    VPOS="1186.0"
                    WIDTH="825.0"
                    HEIGHT="58.0">
            <Shape><Polygon POINTS="64 1222 63 1233 886 1244 888 1232 888 1206 793 1205 789 1203 771 1197 770 1197 769 1197 768 1197 755 1202 752 1203 747 1202 709 1194 708 1194 673 1200 658 1203 643 1200 618 1193 617 1193 564 1192 563 1192 562 1192 561 1192 554 1197 552 1199 543 1197 526 1194 525 1194 524 1194 518 1197 507 1201 485 1196 465 1191 464 1191 443 1195 415 1200 339 1200 331 1193 330 1193 329 1193 328 1193 287 1198 246 1190 235 1188 234 1188 225 1189 205 1194 190 1189 188 1188 187 1188 186 1188 185 1188 183 1188 159 1197 137 1188 136 1188 64 1186 64 1222"/></Shape>
	    <String CONTENT="rieur de ſe pouruoir &amp; aux ſiens, &amp; auoir re¬"
                    HPOS="63.0"
                    VPOS="1186.0"
                    WIDTH="825.0"
                    HEIGHT="58.0"
                    WC="0.9837451590432061"></String>
          </TextLine>
          <TextLine ID="eSc_line_301c8760"
                    TAGREFS="LT8"
                    BASELINE="66 1270 885 1278" 
                    HPOS="65.0"
                    VPOS="1236.0"
                    WIDTH="820.0"
                    HEIGHT="51.0">
            <Shape><Polygon POINTS="65 1283 883 1287 885 1278 882 1246 861 1251 851 1245 846 1243 845 1243 789 1243 788 1243 787 1243 784 1245 774 1250 616 1245 615 1245 579 1249 549 1243 536 1240 505 1240 504 1240 503 1240 497 1242 482 1248 477 1243 476 1243 475 1243 474 1243 408 1245 402 1241 400 1239 399 1239 398 1239 397 1239 379 1241 336 1246 326 1240 323 1238 322 1238 321 1238 235 1237 234 1237 233 1237 232 1237 228 1240 221 1243 213 1239 210 1238 209 1238 208 1238 200 1239 172 1245 157 1239 156 1239 155 1239 154 1239 127 1244 107 1238 98 1236 97 1236 96 1236 95 1236 88 1238 76 1242 67 1238 66 1270 65 1283"/></Shape>
	    <String CONTENT="cours aux Eſtats cõtre vn Tyran tout manifeſte?"
                    HPOS="65.0"
                    VPOS="1236.0"
                    WIDTH="820.0"
                    HEIGHT="51.0"
                    WC="0.9997945266465346"></String>
          </TextLine>
        </TextBlock>
        <TextBlock HPOS="55.0"
                   VPOS="1287.0"
                   WIDTH="837.0"
                   HEIGHT="445.0"
                   ID="eSc_textblock_b0a3d813"
                   TAGREFS="BT2583">
          <Shape><Polygon POINTS="55 1287 55 1732 892 1732 892 1287"/></Shape>
          <TextLine ID="eSc_line_20689040"
                    TAGREFS="LT8"
                    BASELINE="112 1319 883 1328" 
                    HPOS="111.0"
                    VPOS="1286.0"
                    WIDTH="772.0"
                    HEIGHT="56.0">
            <Shape><Polygon POINTS="112 1319 111 1328 154 1329 163 1336 164 1336 165 1336 166 1336 167 1336 180 1331 266 1331 271 1331 300 1338 302 1338 303 1338 343 1332 407 1339 408 1339 502 1334 503 1334 541 1341 542 1341 601 1335 604 1335 605 1335 628 1342 629 1342 630 1342 882 1338 883 1328 881 1293 713 1300 678 1290 677 1290 676 1290 675 1290 673 1290 629 1299 607 1289 606 1289 605 1289 604 1289 599 1289 560 1298 456 1298 385 1288 368 1286 367 1286 356 1287 314 1295 112 1286 112 1319"/></Shape>
	    <String CONTENT="Outre tout cela, puis que les Roiaumes &amp;"
                    HPOS="111.0"
                    VPOS="1286.0"
                    WIDTH="772.0"
                    HEIGHT="56.0"
                    WC="0.989533381164074"></String>
          </TextLine>
          <TextLine ID="eSc_line_16f62c73"
                    TAGREFS="LT8"
                    BASELINE="64 1364 614 1372 883 1380" 
                    HPOS="63.0"
                    VPOS="1327.0"
                    WIDTH="820.0"
                    HEIGHT="67.0">
            <Shape><Polygon POINTS="64 1364 63 1374 134 1382 135 1382 224 1378 259 1377 283 1380 306 1382 307 1382 308 1382 309 1382 311 1380 314 1378 320 1380 332 1385 333 1385 334 1385 395 1382 444 1380 478 1384 509 1388 510 1388 511 1388 518 1385 526 1382 541 1386 547 1387 548 1387 549 1387 550 1387 555 1386 570 1382 593 1387 606 1389 607 1389 608 1389 615 1387 632 1383 641 1388 642 1388 643 1388 644 1388 648 1388 692 1384 709 1389 714 1391 715 1391 716 1391 717 1391 720 1390 729 1385 760 1391 769 1392 770 1392 771 1392 776 1391 796 1386 815 1392 819 1393 820 1393 821 1394 882 1394 883 1380 882 1347 760 1348 750 1343 749 1342 748 1342 747 1342 746 1342 738 1343 712 1347 704 1342 697 1337 696 1337 695 1337 694 1337 693 1337 678 1342 663 1346 601 1346 583 1339 571 1335 570 1335 569 1335 568 1335 555 1338 534 1344 519 1338 518 1338 517 1338 516 1338 447 1343 401 1335 384 1332 383 1332 367 1334 322 1341 307 1332 305 1331 304 1331 303 1331 302 1331 300 1331 295 1332 266 1340 221 1340 179 1329 176 1329 175 1329 169 1329 115 1334 64 1327 64 1364"/></Shape>
	    <String CONTENT="Empires meſmes, ſont fiets deuans hommages"
                    HPOS="63.0"
                    VPOS="1327.0"
                    WIDTH="820.0"
                    HEIGHT="67.0"
                    WC="0.9867839784849257"></String>
          </TextLine>
          <TextLine ID="eSc_line_892c344e"
                    TAGREFS="LT8"
                    BASELINE="65 1413 888 1427" 
                    HPOS="62.0"
                    VPOS="1372.0"
                    WIDTH="825.0"
                    HEIGHT="64.0">
            <Shape><Polygon POINTS="63 1412 62 1424 883 1436 887 1425 885 1395 833 1395 824 1384 727 1392 716 1381 712 1381 623 1390 614 1380 553 1380 546 1387 534 1378 526 1378 514 1387 251 1374 203 1381 191 1374 185 1374 159 1383 80 1372 63 1380 63 1412"/></Shape>
	    <String CONTENT="&amp; ſeruice à la ſouueraineté, Venons à conſide¬"
                    HPOS="62.0"
                    VPOS="1372.0"
                    WIDTH="825.0"
                    HEIGHT="64.0"
                    WC="0.9910551224436078"></String>
          </TextLine>
          <TextLine ID="eSc_line_010694b1"
                    TAGREFS="LT8"
                    BASELINE="64 1462 890 1472" 
                    HPOS="63.0"
                    VPOS="1428.0"
                    WIDTH="827.0"
                    HEIGHT="60.0">
            <Shape><Polygon POINTS="64 1462 63 1474 72 1479 73 1479 74 1479 76 1479 77 1479 85 1473 87 1473 146 1473 151 1474 166 1480 167 1480 168 1480 330 1477 384 1476 474 1476 481 1479 498 1484 499 1484 500 1484 531 1480 543 1478 546 1480 550 1483 551 1483 552 1483 553 1483 609 1481 629 1480 632 1481 643 1486 644 1486 645 1486 672 1481 678 1481 777 1481 789 1483 815 1488 816 1488 889 1484 890 1472 889 1446 857 1446 857 1445 836 1434 835 1434 834 1434 833 1434 813 1444 811 1445 764 1445 763 1444 749 1433 748 1433 747 1433 724 1432 592 1431 591 1431 590 1431 589 1431 576 1439 547 1430 546 1430 545 1430 544 1430 518 1439 516 1440 514 1439 499 1430 498 1430 497 1430 496 1430 495 1430 472 1438 469 1439 464 1438 438 1434 437 1434 436 1434 427 1438 425 1439 423 1438 410 1429 409 1429 408 1429 407 1429 366 1434 357 1428 356 1428 355 1428 354 1428 353 1428 328 1436 322 1438 231 1438 224 1435 209 1429 208 1429 207 1429 176 1434 175 1434 174 1434 160 1428 159 1428 158 1428 132 1433 123 1435 64 1433 64 1462"/></Shape>
	    <String CONTENT="rer ce que porte le droit des fiefs. Il eſt dit au liu."
                    HPOS="63.0"
                    VPOS="1428.0"
                    WIDTH="827.0"
                    HEIGHT="60.0"
                    WC="0.9897068402983925"></String>
          </TextLine>
          <TextLine ID="eSc_line_5cc19b5c"
                    TAGREFS="LT8"
                    BASELINE="65 1510 886 1517" 
                    HPOS="64.0"
                    VPOS="1477.0"
                    WIDTH="822.0"
                    HEIGHT="59.0">
            <Shape><Polygon POINTS="65 1510 64 1522 93 1528 94 1528 213 1523 231 1523 232 1523 242 1531 243 1531 244 1531 245 1531 291 1524 298 1523 303 1524 329 1532 330 1532 331 1533 382 1533 382 1532 383 1532 397 1524 399 1524 486 1524 487 1525 498 1533 499 1533 500 1533 534 1534 535 1534 685 1528 695 1535 696 1535 697 1535 698 1535 809 1531 819 1536 820 1536 821 1536 885 1527 886 1517 886 1492 859 1484 858 1484 857 1484 856 1484 842 1491 841 1492 771 1492 734 1491 731 1489 718 1482 717 1482 716 1482 668 1487 637 1481 636 1481 635 1481 615 1487 611 1488 602 1487 560 1481 559 1481 558 1481 544 1486 535 1489 498 1485 471 1483 470 1483 469 1483 465 1485 458 1488 442 1485 422 1480 421 1480 420 1480 410 1484 403 1487 386 1484 361 1479 360 1479 359 1479 358 1479 352 1483 344 1488 302 1488 284 1482 271 1478 270 1478 269 1478 268 1478 260 1482 251 1486 238 1481 234 1480 233 1480 232 1480 231 1480 225 1481 206 1486 177 1480 159 1477 110 1477 109 1477 108 1477 103 1479 93 1484 65 1479 65 1510"/></Shape>
	    <String CONTENT="2.titre 26. S.24, &amp; titre 47, Que le ſeigneur cõ¬"
                    HPOS="64.0"
                    VPOS="1477.0"
                    WIDTH="822.0"
                    HEIGHT="59.0"
                    WC="0.9797528707981109"></String>
          </TextLine>
          <TextLine ID="eSc_line_eaeeb41f"
                    TAGREFS="LT8"
                    BASELINE="63 1558 884 1570" 
                    HPOS="62.0"
                    VPOS="1522.0"
                    WIDTH="822.0"
                    HEIGHT="59.0">
            <Shape><Polygon POINTS="63 1558 62 1571 882 1581 884 1570 884 1534 843 1533 842 1533 841 1533 816 1542 755 1532 747 1531 746 1531 741 1532 705 1540 676 1534 675 1534 640 1539 595 1530 590 1529 589 1529 578 1529 475 1537 453 1528 450 1527 449 1527 448 1527 443 1528 407 1536 378 1527 376 1527 375 1527 374 1527 342 1535 333 1529 332 1529 331 1529 330 1529 329 1529 318 1534 217 1534 193 1524 189 1523 188 1523 187 1523 174 1524 106 1531 89 1523 87 1522 86 1522 85 1522 63 1522 63 1558"/></Shape>
	    <String CONTENT="met felonnie contre ſon vaſſal, comme le vaſſal"
                    HPOS="62.0"
                    VPOS="1522.0"
                    WIDTH="822.0"
                    HEIGHT="59.0"
                    WC="0.9959458556581051"></String>
          </TextLine>
          <TextLine ID="eSc_line_a9c0e6e0"
                    TAGREFS="LT8"
                    BASELINE="65 1606 886 1618" 
                    HPOS="64.0"
                    VPOS="1570.0"
                    WIDTH="822.0"
                    HEIGHT="64.0">
            <Shape><Polygon POINTS="65 1606 64 1613 144 1621 145 1621 146 1621 163 1617 203 1625 204 1625 240 1619 270 1627 271 1627 272 1628 304 1628 304 1627 305 1627 320 1620 442 1620 475 1630 476 1630 477 1630 515 1621 517 1621 519 1621 543 1630 544 1630 545 1630 592 1622 597 1622 599 1623 619 1631 620 1631 621 1631 622 1631 642 1624 684 1632 685 1632 737 1625 739 1625 740 1625 763 1634 764 1634 765 1634 885 1627 886 1618 886 1584 849 1580 848 1580 847 1580 838 1583 819 1589 777 1589 763 1582 755 1579 753 1579 752 1579 722 1582 696 1584 691 1581 682 1577 681 1577 680 1577 646 1581 634 1582 627 1581 609 1576 608 1576 607 1576 606 1576 597 1580 587 1586 559 1586 549 1580 542 1575 541 1575 540 1575 539 1575 490 1579 444 1583 431 1579 418 1574 417 1574 416 1574 393 1578 369 1582 285 1582 279 1577 274 1572 273 1572 272 1572 254 1571 253 1571 217 1575 183 1570 182 1570 181 1570 160 1576 145 1579 65 1575 65 1606"/></Shape>
	    <String CONTENT="contre le ſeigneur: Auquel cas il eſt vrai que le"
                    HPOS="64.0"
                    VPOS="1570.0"
                    WIDTH="822.0"
                    HEIGHT="64.0"
                    WC="0.9996097805548687"></String>
          </TextLine>
          <TextLine ID="eSc_line_75e06160"
                    TAGREFS="LT8"
                    BASELINE="63 1653 886 1667" 
                    HPOS="62.0"
                    VPOS="1618.0"
                    WIDTH="824.0"
                    HEIGHT="65.0">
            <Shape><Polygon POINTS="63 1653 62 1666 137 1664 202 1669 258 1675 259 1675 260 1675 272 1670 286 1666 323 1672 326 1672 327 1672 328 1672 338 1667 374 1673 416 1678 417 1678 418 1678 429 1673 434 1670 440 1674 448 1677 449 1677 450 1677 469 1674 485 1670 492 1674 502 1679 503 1679 534 1680 535 1681 577 1681 577 1680 578 1680 579 1680 586 1675 591 1672 602 1676 613 1679 614 1679 615 1679 616 1679 625 1676 634 1673 655 1676 667 1678 668 1678 681 1677 702 1674 712 1677 728 1683 729 1683 730 1683 731 1683 747 1678 757 1675 826 1675 840 1679 856 1683 857 1683 858 1683 885 1679 886 1667 885 1638 780 1640 744 1634 709 1628 678 1628 677 1628 676 1628 667 1632 654 1638 511 1628 499 1628 498 1628 497 1628 496 1628 487 1634 430 1634 416 1627 415 1627 414 1627 413 1627 398 1633 337 1628 336 1628 297 1632 248 1630 234 1622 232 1620 231 1620 230 1620 229 1620 212 1621 177 1624 63 1618 63 1653"/></Shape>
	    <String CONTENT="fief du ſeigneur ne reuient pas au vaſſal, ains au"
                    HPOS="62.0"
                    VPOS="1618.0"
                    WIDTH="824.0"
                    HEIGHT="65.0"
                    WC="0.9832068693637848"></String>
          </TextLine>
          <TextLine ID="eSc_line_4af83b4c"
                    TAGREFS="LT8"
                    BASELINE="67 1703 884 1711" 
                    HPOS="66.0"
                    VPOS="1668.0"
                    WIDTH="818.0"
                    HEIGHT="65.0">
            <Shape><Polygon POINTS="67 1703 66 1726 79 1727 80 1727 81 1727 82 1727 82 1726 97 1717 133 1717 163 1726 169 1728 170 1728 171 1729 198 1729 198 1728 199 1728 200 1728 203 1726 216 1718 245 1726 254 1728 255 1728 256 1728 257 1728 265 1726 288 1719 372 1719 400 1725 421 1730 422 1730 451 1725 459 1724 462 1725 475 1731 476 1731 477 1732 575 1732 575 1731 576 1731 596 1725 606 1722 616 1724 626 1727 627 1727 628 1727 629 1727 639 1724 648 1722 653 1724 661 1728 662 1728 663 1728 664 1728 674 1724 681 1722 693 1724 717 1729 718 1729 719 1729 729 1724 732 1723 767 1723 775 1724 827 1733 828 1733 829 1733 848 1724 883 1723 884 1711 883 1685 852 1685 851 1684 841 1676 840 1676 839 1676 819 1676 818 1676 817 1676 816 1676 807 1683 805 1684 798 1683 757 1676 756 1676 755 1676 742 1682 739 1684 704 1684 696 1681 673 1674 672 1674 671 1674 643 1680 637 1681 631 1680 611 1674 610 1674 609 1674 608 1674 607 1674 600 1679 599 1680 489 1681 480 1677 470 1672 469 1672 468 1672 446 1676 425 1680 415 1675 407 1672 406 1672 405 1672 385 1675 368 1677 360 1674 351 1670 350 1670 349 1670 327 1674 285 1679 262 1672 254 1669 253 1669 201 1669 200 1669 199 1669 198 1669 197 1670 187 1678 148 1672 147 1672 112 1677 67 1668 67 1703"/></Shape>
	    <String CONTENT="principal dont il releue? mais cela demeure fer¬"
                    HPOS="66.0"
                    VPOS="1668.0"
                    WIDTH="818.0"
                    HEIGHT="65.0"
                    WC="0.9932491245369116"></String>
          </TextLine>
        </TextBlock>
        <TextBlock HPOS="894.0"
                   VPOS="1282.0"
                   WIDTH="183.0"
                   HEIGHT="278.0"
                   ID="eSc_textblock_181f4ca3"
                   TAGREFS="BT2584">
          <Shape><Polygon POINTS="894 1282 894 1560 1077 1560 1077 1282"/></Shape>
          <TextLine ID="eSc_line_b3137191"
                    TAGREFS="LT8"
                    BASELINE="900 1312 1065 1310" 
                    HPOS="899.0"
                    VPOS="1279.0"
                    WIDTH="166.0"
                    HEIGHT="48.0">
            <Shape><Polygon POINTS="1062 1292 1051 1290 1041 1289 1031 1289 1021 1288 1011 1287 1001 1286 991 1285 980 1285 970 1284 960 1283 950 1282 940 1281 930 1281 920 1280 919 1279 899 1279 900 1312 900 1320 960 1320 967 1322 985 1327 986 1327 987 1327 988 1327 989 1327 989 1326 994 1322 996 1320 999 1322 1008 1327 1009 1327 1010 1327 1064 1323 1065 1310 1063 1292 1062 1292"/></Shape>
	    <String CONTENT="Les Empe¬"
                    HPOS="899.0"
                    VPOS="1279.0"
                    WIDTH="166.0"
                    HEIGHT="48.0"
                    WC="0.998690558804406"></String>
          </TextLine>
          <TextLine ID="eSc_line_4c65fecf"
                    TAGREFS="LT8"
                    BASELINE="897 1348 1072 1350" 
                    HPOS="896.0"
                    VPOS="1320.0"
                    WIDTH="176.0"
                    HEIGHT="44.0">
            <Shape><Polygon POINTS="1071 1324 1011 1321 1010 1321 1009 1321 1008 1321 1008 1322 1003 1326 999 1330 986 1330 965 1327 907 1320 906 1320 904 1320 903 1320 903 1321 897 1326 897 1348 896 1359 901 1363 902 1363 903 1363 904 1364 965 1364 965 1363 966 1363 984 1357 985 1357 988 1357 1039 1364 1040 1364 1071 1358 1072 1350 1072 1329 1071 1324"/></Shape>
	    <String CONTENT="reurs ſont"
                    HPOS="896.0"
                    VPOS="1320.0"
                    WIDTH="176.0"
                    HEIGHT="44.0"
                    WC="0.9993719160556793"></String>
          </TextLine>
          <TextLine ID="eSc_line_e1032905"
                    TAGREFS="LT8"
                    BASELINE="897 1384 1069 1390" 
                    HPOS="896.0"
                    VPOS="1355.0"
                    WIDTH="173.0"
                    HEIGHT="48.0">
            <Shape><Polygon POINTS="897 1384 896 1397 903 1401 904 1401 906 1401 1067 1403 1069 1390 1066 1362 1062 1366 1050 1362 1041 1358 1040 1358 1039 1358 1038 1358 1029 1361 1019 1365 985 1365 970 1361 942 1355 941 1355 940 1355 939 1355 939 1356 933 1361 932 1362 930 1361 918 1355 917 1355 916 1355 915 1355 897 1360 897 1384"/></Shape>
	    <String CONTENT="vaſſaux de"
                    HPOS="896.0"
                    VPOS="1355.0"
                    WIDTH="173.0"
                    HEIGHT="48.0"
                    WC="0.999643474817276"></String>
          </TextLine>
          <TextLine ID="eSc_line_3d423b5d"
                    TAGREFS="LT8"
                    BASELINE="903 1427 1071 1430" 
                    HPOS="900.0"
                    VPOS="1392.0"
                    WIDTH="169.0"
                    HEIGHT="56.0">
            <Shape><Polygon POINTS="902 1425 900 1439 1066 1448 1069 1428 1069 1398 902 1392 902 1425"/></Shape>
	    <String CONTENT="l&#x27;Empire, &amp;"
                    HPOS="900.0"
                    VPOS="1392.0"
                    WIDTH="169.0"
                    HEIGHT="56.0"
                    WC="0.999749091538516"></String>
          </TextLine>
          <TextLine ID="eSc_line_69e9f12d"
                    TAGREFS="LT8"
                    BASELINE="899 1470 1068 1468" 
                    HPOS="898.0"
                    VPOS="1435.0"
                    WIDTH="170.0"
                    HEIGHT="47.0">
            <Shape><Polygon POINTS="899 1470 899 1482 1068 1479 1068 1468 1067 1444 1045 1435 1044 1435 1043 1435 1042 1435 1041 1435 1032 1442 940 1436 939 1436 938 1436 937 1436 937 1437 931 1442 908 1436 907 1436 906 1436 904 1436 903 1436 898 1440 899 1470"/></Shape>
	    <String CONTENT="les Rois de"
                    HPOS="898.0"
                    VPOS="1435.0"
                    WIDTH="170.0"
                    HEIGHT="47.0"
                    WC="0.9949079318480059"></String>
          </TextLine>
          <TextLine ID="eSc_line_67ef24c3"
                    TAGREFS="LT8"
                    BASELINE="904 1509 916 1508 1068 1509" 
                    HPOS="903.0"
                    VPOS="1474.0"
                    WIDTH="163.0"
                    HEIGHT="58.0">
            <Shape><Polygon POINTS="903 1507 903 1532 1066 1532 1066 1507 1066 1480 903 1474 903 1507"/></Shape>
	    <String CONTENT="leurs Roiau"
                    HPOS="903.0"
                    VPOS="1474.0"
                    WIDTH="163.0"
                    HEIGHT="58.0"
                    WC="0.9992463642900641"></String>
          </TextLine>
          <TextLine ID="eSc_line_908b7c69"
                    TAGREFS="LT8"
                    BASELINE="897 1548 978 1546" 
                    HPOS="896.0"
                    VPOS="1522.0"
                    WIDTH="82.0"
                    HEIGHT="46.0">
            <Shape><Polygon POINTS="897 1548 897 1560 923 1566 924 1566 925 1566 938 1561 939 1561 946 1567 946 1568 947 1568 948 1568 949 1568 978 1562 978 1546 976 1526 896 1522 897 1548"/></Shape>
	    <String CONTENT="mes."
                    HPOS="896.0"
                    VPOS="1522.0"
                    WIDTH="82.0"
                    HEIGHT="46.0"
                    WC="0.9996911734342575"></String>
          </TextLine>
        </TextBlock>
      </PrintSpace>
    </Page>
  </Layout>
</alto>
