1132 1824
648.0 135.0 48.0 58.0 56

255.0 177.0 830.0 60.0 loir: tant ſ’en faut qu’on puiſſe douter ſi elle eſt

258.0 226.0 829.0 59.0 vallable ou non, quand par force ou crainte elle

256.0 276.0 832.0 57.0 a eſté extorquee, ou contractee par ſurprinſe ou

258.0 322.0 830.0 59.0 fraude manifeſte. Car ceſte reigle vniuerſelle de

258.0 371.0 829.0 58.0 Iuſtice fondee ſur les maximes & cõmuns prin¬

258.0 418.0 830.0 62.0 cipes, qui ſont demeurez en l’homme, quelque

259.0 467.0 829.0 61.0 corrõpu qu’il ſoit, eſt ſi certaine & ſi ferme, que

259.0 515.0 828.0 62.0 rien qui leur contrarie & repugne manifeſte¬

259.0 565.0 830.0 54.0 ment, ne doit eſtre trouué bon ni vallable entre

261.0 611.0 828.0 60.0 les hommes. I’enten ceci des choſes, qui ſont

262.0 661.0 821.0 57.0 manifeſtement irreligieuſes & du tout iniques,

262.0 706.0 825.0 62.0 de ſorte qu’il n’y a celui qui ne ſache, ſ'il n’eſt du

263.0 753.0 825.0 62.0 tout priué de ſon ſens, que telleschoſes ne ſe peu

264.0 803.0 823.0 57.0 uent demãder, ni eſtre faittes en bonne conſci¬

264.0 852.0 822.0 60.0 ence. Telle eſtoit la conuention qu’on dit auoir

265.0 898.0 822.0 63.0 eſté és premiers temps, entre Minos Roi de Cã¬

266.0 948.0 821.0 59.0 die, & les Atheniens, aſſauoir que tous les ans

266.0 994.0 822.0 62.0 ils lui ameneroientſept ieunes enfans & ſept ieu

265.0 1042.0 821.0 60.0 nes filles, ou pour eſtre deuorez du Minotaurus

270.0 1089.0 817.0 62.0 (comme diſent les fables) ou, comme il eſt plus

267.0 1137.0 819.0 60.0 croiable, pour ſ'en ſeruir à ſa villennie deſbor¬

266.0 1183.0 820.0 64.0 dee & tyrannique. Tel a eſté auſſi l’accord pre¬

265.0 1235.0 820.0 53.0 ſenté par les Ammonites aux habitans de Iabes,

266.0 1284.0 821.0 58.0 aſſauoir de les receuoir à merci, pourueu que

265.0 1329.0 823.0 65.0 chacun d’eux ſe creuaſt l’œil droit. Et moins re¬

265.0 1376.0 823.0 64.0 ceuable encores a eſté la condition que la pluſ¬

272.0 1425.0 814.0 66.0 part de ceux de Ieruſalem accorderent à ceſt ex¬

268.0 1476.0 819.0 59.0 ecrable Tyran Antiochus pour ſauuer leur vie,

266.0 1521.0 821.0 64.0 aſſauoir de renoncer à la vraie Religion. Mais ſi

267.0 1571.0 821.0 62.0 la condition propoſee par le vainqueur, & ac¬

268.0 1620.0 819.0 63.0 ceptee par le vaincu, eſt tant ſeulement rude &

268.0 1667.0 816.0 68.0 aſpre, & ne concerne que l’incommodité de ce¬

971.0 1717.0 115.0 65.0 ſte vie

80.0 1224.0 149.0 53.0 I.Sam.11.2

76.0 1428.0 185.0 70.0 1.Mach.1.55.
