1132 1824
464 158 41 45 71

74 192 821 57 refuſer le Tribut: leſquelles circonſtances con¬

76 247 821 53 damnent entierement la reuolte, & le periure

76 291 821 52 de Sedechias & des ſiens. Secondement i’accor¬

76 340 821 58 de qu’il n’eſt permis aux ſubiets de ſe departir de

74 390 822 52 leur ſerment: & ne reçoi ce dire commun, Fran¬

79 438 818 54 genti fidem fides frangatur eidem. Car au con¬

78 486 819 54 traire iamais ne faut rõpre ſa foi iuſtement don¬

78 534 821 54 nec. Mais ie nie que les ſubiets rompent leur foi

78 581 820 56 à vn Tyran, quand vn chacun d’iceux demeurãt

77 628 821 56 és limittes de ſa vocation empeſche le cours de

79 675 819 62 la Tyrannie. Car c’eſt vne reigle generalle que

80 727 816 60 quand quelque condition eſt appoſee, ou taci¬

77 778 818 52 tement entendue en quelque conuention, ce¬

77 820 816 57 ſtui-là la rompt qui contreuient à la condition,

79 868 816 59 & non pas celui, lequel n’eſtant obligé que con¬

76 915 820 58 ditionnellement, eſt deſobligé, nõ par ſoi-meſ¬

77 965 819 57 mes (car il ſeroit periure) mais par celui qui a rõ¬

79 1010 815 60 pule lien de l’obligation, aſſauoir la condition.

81 1058 814 59 Quand donc vn ſouuerain deuient Tyran, & les

80 1107 815 57 peuples vſent de leur droit contre lui, c’eſt lui

80 1156 815 62 qui par ſon periure a deſlié le peuple, & non au

80 1209 189 46 contraire.

123 1241 771 70 On produit auſſi le commandement de Dieu

79 1300 813 58 ordonnant expreſſément aux Iſraëlites de prier

80 1345 811 62 pour la proſperité de Nabuchadnezar treſ-cruel

84 1394 810 62 Tyran: tãt ſ'en faut qu’il ait eſté loiſible aux luifs

80 1440 816 56 de ſe ſouſtraire de ſon obeiſſance. l’accorde ce¬

79 1488 818 65 la, & reſpon premierement Que les Iuifs eſtoiẽt

79 1538 815 62 nõſeulement ſubiets & perſonnes priuees, mais

80 1587 814 63 auſſi eſclaues, au moins pour la pluſ-part, ſous

82 1633 814 63 l’Empire des Chaldeens. Or ai-ie deſ-ia dit que

80 1684 814 71 les perſonnes priuees ne ſe peuuent oppoſer par

911 1249 158 56 Les Iuifson

906 1294 156 49 eſté eſclaue

907 1334 155 51 en Babilon

907 1377 139 52 Iere.29.7.
