1132 1824
444.0 158.0 40.0 35.0 41

41.0 192.0 830.0 57.0 reux qui ſoit auiourdhui au monde, & que Dieu

43.0 239.0 831.0 57.0 vueille maintenir en ſa tranquilité, encores qu’il

41.0 283.0 831.0 63.0 ſoit ſucceſſif au plus prochain Prince du ſang, ſi

42.0 336.0 832.0 57.0 eſt-ce qu’il appert par pluſieurs memorables hi¬

42.0 387.0 830.0 55.0 ſtoires, & nommément par le teſmoignage de

46.0 432.0 825.0 57.0 Polydore en la vie de Henri premier du nom,

44.0 479.0 831.0 63.0 que l’authorité de regner eſt fondee pour la pluſ

47.0 528.0 827.0 59.0 part ſur le conſentement du Parlemẽt, qu’ils ap¬

48.0 576.0 825.0 59.0 pellent. Et certainemẽt l’heureux repos duquel

46.0 623.0 827.0 58.0 il iouït il y a deſia pluſieurs annees, ſous le treſ¬

47.0 671.0 826.0 57.0 doux & benin gouuernement de leur ſereniſſi¬

47.0 720.0 825.0 57.0 me Roine Elizabeth, eſtant comparé auecq le

48.0 769.0 818.0 57.0 paouure & miſerable eſtat de tant d’autres païs,

48.0 816.0 822.0 57.0 monſtre par experience combien eſt heureuſe

51.0 863.0 821.0 57.0 & profitable vne telle moderatiõ de la puiſſan¬

49.0 910.0 820.0 62.0 ce Roialle, pourueu qu’elle ſoit bien pratiquee,

51.0 959.0 817.0 58.0 & que les Rois craignans Dieu, & aimans leurs

51.0 1010.0 821.0 56.0 peuples, ſouffrent d’en eſtre non pas gouuernez

50.0 1057.0 823.0 56.0 comme pupilles (ainſi que parlent les flatteurs

52.0 1104.0 821.0 58.0 de cour, mangeans le pain peſtri aux larmes du

54.0 1154.0 813.0 55.0 pauure peuple) mais addreſſez & auertis auecq

53.0 1199.0 821.0 62.0 l’obeiſſance & la reuerence qui appartient à leur

51.0 1248.0 165.0 50.0 maieſté.

101.0 1290.0 772.0 65.0 Quant aux Poulonnois, ſi quelqu’vn a dou¬

53.0 1340.0 820.0 61.0 té iuſques à preſent, qu’en eſliſant leur Roi à cer

56.0 1394.0 815.0 55.0 taines conditions, ils n’entẽdent auſſi eſtre quit¬

57.0 1438.0 819.0 56.0 tes de leur ſerment, à faute de l’obſeruation d’i¬

58.0 1487.0 820.0 58.0 celle: il en peut apparoir par la derniere election

61.0 1536.0 815.0 53.0 qu’ils ont faitte de Henri frere du Roi de Frãce.

62.0 1583.0 816.0 56.0 Et ſuis d’accord en ceſt endroit auec l’Eueſque

65.0 1630.0 814.0 56.0 de Valence, moienneur de laditte electiõ, pour

66.0 1679.0 811.0 58.0 le Roiſon maiſtre, en ce qu’il louë les Poulon¬

664.0 1725.0 14.0 68.0 F

880.0 1292.0 128.0 56.0 Exemple

882.0 1336.0 161.0 51.0 des Rois de

882.0 1381.0 130.0 79.0 Pologne.
