1132 1824
470.0 165.0 39.0 35.0 15

64.0 191.0 860.0 55.0 que inſtrument qu’il ſe ſerue, & lespeuples auffi ne

56.0 240.0 870.0 57.0 laiſſent pas d’auoir eu bon droit contre leurs enne

59.0 288.0 867.0 60.0 mis, encores que par vn iuſte iugement de Dieu ils

59.0 338.0 867.0 54.0 aient porté les coups. Et pourtant ie ne puis trou¬

56.0 381.0 870.0 61.0 uer bonne l’opinion de ceux, qui ſans aucune di¬

56.0 428.0 867.0 67.0 ſtinction ni exception, condamnent tous les Ty¬

60.0 481.0 865.0 57.0 rannicides, auſquels iadis les Grecs ordonnerent

57.0 525.0 869.0 60.0 tant d’honnorables guerdons: & auſſi peu ſuis-ie

57.0 577.0 866.0 55.0 de l’auis de ceux qui eſtiment les deliurances con¬

57.0 626.0 866.0 56.0 tenues auxliures des Iuges, eſtre tellement parti¬

57.0 668.0 869.0 64.0 culieres & extraordinaires, qu’il ne les faille aucu¬

57.0 718.0 865.0 60.0 nement tirer en conſequẽce. Car nonobſtant que

59.0 764.0 864.0 70.0 les ſuſdits Iuges aient eſté diuinement & extraor¬

56.0 816.0 869.0 59.0 dinairement eſmeus à faire ce qu’ils ont fait, il ne

56.0 860.0 864.0 73.0 ſ'enſuit pas pour cela que les Iſraëlites tant Magi¬

57.0 916.0 865.0 59.0 ſtrats que particuliers, n’aient peu, par droit ordi¬

60.0 960.0 860.0 62.0 naire, ſ’oppoſer à la tyrannie des eſtrãgers non ad¬

57.0 1009.0 866.0 65.0 uouëz ni acceptez par le peuple. Et ce que telles de

62.0 1054.0 861.0 66.0 liurances ne ſont aduenues que par ceux que Dieu

59.0 1106.0 866.0 59.0 a extraordinairement emploiez, ne ſert de riẽ con¬

60.0 1153.0 862.0 55.0 tre mon opinion: ains monſtre ſeulement la ſtupi¬

56.0 1194.0 864.0 64.0 dité & faute de cueur des Iſraëlites, non ſans vn iu¬

56.0 1244.0 867.0 67.0 ſte iugement de Dieu ſur eux à cauſe de leurs ini¬

56.0 1292.0 866.0 69.0 quitez. I’eſtime donc que pour droitement enſui¬

59.0 1350.0 863.0 53.0 ure tels exemples, il faut tenir certain moien: c’eſt

59.0 1390.0 864.0 69.0 que cas aduenant que quelqu’vn vueille dominer

56.0 1436.0 864.0 70.0 ſur les autres à faux titre, ou meſmes en ait deſ-ia v¬

57.0 1488.0 858.0 60.0 ſurpé la domination, ſoit qu’il vienne d’aiſſeurs,

60.0 1535.0 858.0 64.0 ſoit qu’il ſorte comme la vipere du ventre de ſa pa¬

54.0 1585.0 866.0 65.0 trie, pour la faire mourir en naiſſant, auant toutes

54.0 1633.0 861.0 60.0 choſes, les particuliers ſ'addreſſent à leurs magi¬

56.0 1679.0 862.0 122.0 ſtras legitimes: à fin que ſ'il eſt poſſible, l'ennemi
