1132 1824
440.0 158.0 50.0 39.0 21

55.0 191.0 821.0 52.0 ont perſecuté les Chreſtiẽs, en enſuiuãt les loix

55.0 243.0 822.0 54.0 de l’Empire Romain, mais auſſi quand les Em¬

56.0 291.0 819.0 54.0 pereurs ont deſloiallement tranſgreſſé les edits

54.0 339.0 814.0 57.0 faits & pratiquez en la faueur des Chreſtiens,

55.0 390.0 819.0 46.0 comme notamment il aduint ſous l’Empereur

55.0 435.0 821.0 54.0 Iulian l’apoſtat. En ſomme doncques ma reſolu

55.0 484.0 821.0 55.0 tion eſt quant à ce point, qu’il n’eſt loiſible à au¬

55.0 533.0 816.0 53.0 cun particulier de reſiſter par force aux Tyrans,

55.0 580.0 820.0 55.0 à la domination deſquels au parauant le Peuple

56.0 632.0 820.0 45.0 aura volontairement conſenti: & que ſi eſtant

57.0 678.0 817.0 54.0 queſtion d’vn contract fait entre perſonnes pri¬

57.0 725.0 813.0 57.0 uees, on doit reſpecter ſa promeſſe iuſques-là,

57.0 774.0 817.0 56.0 qu’on la doit tenir à ſon dommage pluſtoſt que

55.0 819.0 817.0 56.0 la fauſſer, vn particulier ſe doit encores plus ex¬

55.0 868.0 815.0 57.0 preſſement garder de ſe diſpenſer d’vne obliga¬

56.0 920.0 782.0 53.0 tion contractee par vn conſentement public.

100.0 963.0 773.0 52.0 Ie vien maintenant aux Magiſtrats inferieurs

54.0 1009.0 820.0 55.0 & qui ſont comme en degré ſubalterne, entre le

55.0 1060.0 809.0 59.0 ſouuerain & le Peuple, entendant par ce nom,

54.0 1103.0 820.0 58.0 non pas les officiers de la maiſon d’vn Roi, &

56.0 1153.0 815.0 56.0 pluſtoſt affectez à vn Roi qu’à vn Roiaume:

56.0 1202.0 820.0 62.0 mais ceux-là qui ont les charges publiques, &

58.0 1254.0 815.0 51.0 de l’eſtat, ſoit touchant l’adminiſtration de Iuſti¬

59.0 1302.0 811.0 58.0 ce, ſoit du fait de la guerre, appellez pour ceſte

59.0 1351.0 814.0 50.0 cauſe en vne monarchie Officiers de la couron¬

57.0 1395.0 816.0 59.0 ne, & pluſtoſt du Roiaume que du Roi, eſtant

59.0 1444.0 818.0 53.0 ces deux choſes bien differentes. Tels eſtoient à

60.0 1495.0 809.0 53.0 Rome les Conſuls, les Preteurs, le Gouuerneur

60.0 1544.0 810.0 55.0 de la ville, les Gouuerneurs des Prouinces attri¬

59 1585 814 65 buees au Peuple & au Senat, du temps meſmes

60.0 1637.0 813.0 57.0 des Empereurs, & autres ſemblables officiers de

61.0 1688.0 807.0 62.0 de la Republique ou de l’Empire, qui pour ceſte

640 1737 79 58 C 3

906.0 946.0 146.0 75.0 Les Magi¬

890.0 1000.0 168.0 54.0 ſtrats ſubal¬

884.0 1052.0 178.0 40.0 ternes d’vne

881.0 1090.0 177.0 41.0 ſouueraine¬

885.0 1120.0 173.0 54.0 té doiuẽt en

887.0 1167.0 168.0 49.0 cas de Tyrã¬

887.0 1208.0 171.0 42.0 nie manife¬

882.0 1248.0 177.0 45.0 ſte auoir re¬

883.0 1290.0 176.0 42.0 cours aux e¬

882.0 1323.0 180.0 50.0 ſtats, & ce pẽ

887.0 1364.0 173.0 46.0 dant mainte

888.0 1402.0 170.0 51.0 nir ceux qui

887.0 1440.0 171.0 54.0 leur ſont cõ

882.0 1489.0 79.0 43.0 mis.

929.0 1524.0 132.0 44.0 Officiers

879.0 1563.0 180.0 41.0 d'vn Roiau¬

885.0 1605.0 172.0 41.0 me ſont au¬

888.0 1646.0 170.0 45.0 tres que les

881.0 1679.0 171.0 49.0 offlciers d'vn

879.0 1723.0 77.0 73.0 Roi.
