1132 1824
85.0 176.0 829.0 58.0 toutes leurs procedures monſtrent euidemmẽt

86.0 226.0 824.0 59.0 que ç’a eſté vne pure rebellion que de leur fait,

84.0 278.0 827.0 55.0 n’aiant rien de commun auec les legitimes reme

89.0 322.0 549.0 60.0 des, deſquels nous auons parlé.

132.0 372.0 780.0 62.0 Il me faut auſſi reſpondre à ceux qui eſtiment

90.0 420.0 819.0 60.0 qu’il n’appartient aux ſubiets de capituler auec

86.0 469.0 825.0 58.0 leur ſouuerain: Ie leur demande donc ſur quoi

89.0 514.0 821.0 56.0 ils ſont fondez. Car ſ'il ſe faut fonder ſur raiſon,

89.0 566.0 824.0 57.0 Ie vous prie quelles raiſons peuuent-ils alleguer

90.0 613.0 826.0 55.0 aſſez vallables? Ils diſent que les ſubiets doiuent

91.0 662.0 824.0 56.0 dependre de la volonté de leurs Princes, & non

91.0 712.0 823.0 54.0 au contraire: & que par conſequent les ſubiets

93.0 761.0 822.0 55.0 peuuent bien expoſer à leurs Princes auec toute

93.0 809.0 824.0 53.0 reuerence leurs doleances, & lui donner con¬

92.0 855.0 825.0 57.0 ſeil en eſtans requiz: mais ne peuuent paſſer ou¬

95.0 904.0 823.0 54.0 tre. Ie reſpon, que veritablement les ſubiets ne

95.0 950.0 823.0 58.0 doiuẽt approcher de leurs Magiſtrats ſuperieurs

96.0 1000.0 823.0 51.0 & inferieurs qu’auec hõneur & reuerence, non

95.0 1048.0 824.0 55.0 ſeulement pour crainte de leur indignatiõ, mais

97.0 1096.0 824.0 55.0 auſſi, comme nous enſeigne l’Apoſtre, à cauſe

100.0 1138.0 815.0 62.0 de la conſcience, eſtant ceſt Eſtat ordonné de

99.0 1189.0 821.0 55.0 Dieu: mais ie nie qu’il faille baſtir ſur ce fonde¬

99.0 1241.0 823.0 54.0 ment vne telle concluſion, Qu’apres qu’en ma¬

100.0 1290.0 822.0 54.0 tiere d’eſtat comme il appartient on aura expo¬

103.0 1340.0 822.0 50.0 ſé en toute reuerence au ſouuerain, ce qui eſt de

101.0 1383.0 823.0 52.0 droit & raiſon, & conforme aux conditions ſous

104.0 1431.0 820.0 57.0 leſquelles il a eſté eſleué en ce degté, il faille ne¬

105.0 1482.0 821.0 54.0 ceſſairement en paſſer par où il lui plaira ſans au¬

104.0 1531.0 822.0 50.0 cun remede: ains ie di qu’en tel cas on ne lui fait

105.0 1578.0 824.0 54.0 point de tort de le ramener à ſon deuoir, ou meſ

104.0 1626.0 822.0 51.0 mes de paſſer plus outre ſi raiſon ne peut auoir

107.0 1675.0 819.0 63.0 lieu. Bref, puis que l’adminiſtration eſt receuë à

479.0 138.0 52.0 53.0 77

925.0 351.0 143.0 59.0 Les ſubic

922.0 408.0 147.0 44.0 peuuent c

919.0 445.0 153.0 46.0 pituler au

925.0 484.0 143.0 57.0 leur Princ

934.0 1135.0 128.0 71.0 Rom.15.

690.0 1718.0 74.0 77.0 K;
