1132 1824
453.0 147.0 44.0 49.0 37

47.0 173.0 830.0 68.0 qui eſt nommé en ceſte hiſtoire là, le droit du

48.0 239.0 826.0 52.0 Roi couché en termes merueilleuſement eſtran

50.0 285.0 823.0 57.0 ges, & portãs en ſomme, Que le Roi feroit tout

49.0 337.0 826.0 54.0 ce qui lui plairoit tãt des perſonnes que des biẽs

49.0 384.0 828.0 49.0 de ſes ſubiets: choſe vraiemẽt tyrannique, & nõ

50.0 431.0 828.0 54.0 point Roialle. Car nul ne peut raiſonnablemẽt

50.0 480.0 829.0 55.0 douter que ce ne ſoit à vn ſeul Dieu d’alleguer ſa

49.0 527.0 828.0 55.0 ſeule volonté pour toute raiſon: d’autant qu’il

49.0 576.0 829.0 54.0 ne faut pas qu’vne choſe ſoit iuſte deuant que

51.0 625.0 825.0 52.0 Dieu la vueille: ains tout au contraire, la volon¬

52.0 671.0 824.0 55.0 té de Dieu eſt la reigle de toute iuſtice: au con¬

51.0 722.0 824.0 53.0 traire de ce qui aduient aux hommes, deſquels

50.0 768.0 827.0 54.0 la raiſon meſmes doit eſtre reiglee par bonnes &

51.0 813.0 826.0 58.0 ſaintes loix, ſur tout quãd il eſt queſtion de ceux

53.0 865.0 824.0 54.0 qui ont à gouuerner les autres. Ceux-là donc ſe

52.0 915.0 825.0 53.0 trompent grandement, qui prennent ces parol¬

52.0 958.0 825.0 54.0 les de Samuel comme ſi elles authoriſoient les

54.0 1007.0 823.0 57.0 Rois en tout ce que bõ leur ſemble, ſuiuant l’ex¬

53.0 1054.0 825.0 53.0 ecrable parolle de ceſte villaine inceſtueuſe, Si

54.0 1104.0 822.0 57.0 libet, licet, qui n’a eſté que tropſouuent pratti¬

58.0 1154.0 819.0 53.0 quee de noſtre temps: Ains il faut entendre les

56.0 1198.0 816.0 56.0 parolles de Samuel, comme ſ'il diſoit à Iſraël,

62.0 1251.0 815.0 53.0 Vous ne vous contentespoint que Dieu ſoit vo¬

56.0 1296.0 820.0 56.0 ſtre Monarque, comme il a eſté iuſques à pre¬

55.0 1344.0 821.0 58.0 ſent d’vne façon ſpeciale & particuliere, & vou¬

54.0 1392.0 822.0 59.0 lez en auoir vn à la façon des autres peuples.

61.0 1440.0 816.0 52.0 Vous en aurez vn donc, mais voici la belle iuſti¬

58.0 1487.0 818.0 57.0 ce qu’il vous fera, & tout le droit duquel il vſera

58.0 1537.0 817.0 54.0 enuers vous. Et qu’il faille ainſi entendre ces pa¬

56.0 1584.0 821.0 59.0 rolles de Samuel, il appert par ce qui en a eſté

58.0 1635.0 819.0 56.0 prattiqué. le di donc en premier lieu, qu’enco¬

57.0 1681.0 819.0 60.0 res que Dieu euſt choiſi treſ-expreſſement Da¬

638.0 1730.0 67.0 66.0 E3

890.0 174.0 147.0 63.0 Quel eſt le

882.0 230.0 165.0 47.0 droitdu Ro

885.0 270.0 158.0 51.0 eſcrit par Sa

883.0 311.0 90.0 55.0 muel.
