<?xml version="1.0" encoding="UTF-8"?>
<alto xmlns:xsi="http://www.w3.org/2001/XMLSchema-instance"
      xmlns="http://www.loc.gov/standards/alto/ns-v4#"
      xsi:schemaLocation="http://www.loc.gov/standards/alto/ns-v4# http://www.loc.gov/standards/alto/v4/alto-4-2.xsd">
  <Description>
    <MeasurementUnit>pixel</MeasurementUnit>
    <sourceImageInformation>
      <fileName>42_7d286_default.jpg</fileName>
      <fileIdentifier>mets//83_796e0_default.zip/42_7d286_default.jpg</fileIdentifier>
    </sourceImageInformation>
  </Description>
  <Tags>
    <OtherTag ID="BT7" LABEL="CustomZone" DESCRIPTION="block type CustomZone"/><OtherTag ID="BT8" LABEL="DamageZone" DESCRIPTION="block type DamageZone"/><OtherTag ID="BT9" LABEL="DigitizationArtefactZone" DESCRIPTION="block type DigitizationArtefactZone"/><OtherTag ID="BT10" LABEL="DropCapitalZone" DESCRIPTION="block type DropCapitalZone"/><OtherTag ID="BT11" LABEL="GraphicZone" DESCRIPTION="block type GraphicZone"/><OtherTag ID="BT12" LABEL="MainZone" DESCRIPTION="block type MainZone"/><OtherTag ID="BT13" LABEL="MarginTextZone" DESCRIPTION="block type MarginTextZone"/><OtherTag ID="BT14" LABEL="MusicZone" DESCRIPTION="block type MusicZone"/><OtherTag ID="BT15" LABEL="NumberingZone" DESCRIPTION="block type NumberingZone"/><OtherTag ID="BT17" LABEL="QuireMarksZone" DESCRIPTION="block type QuireMarksZone"/><OtherTag ID="BT18" LABEL="RunningTitleZone" DESCRIPTION="block type RunningTitleZone"/><OtherTag ID="BT19" LABEL="SealZone" DESCRIPTION="block type SealZone"/><OtherTag ID="BT20" LABEL="StampZone" DESCRIPTION="block type StampZone"/><OtherTag ID="BT21" LABEL="TableZone" DESCRIPTION="block type TableZone"/><OtherTag ID="BT22" LABEL="TitlePageZone" DESCRIPTION="block type TitlePageZone"/><OtherTag ID="BT2582" LABEL="MainZone-Head" DESCRIPTION="block type MainZone-Head"/><OtherTag ID="BT2583" LABEL="MainZone-P" DESCRIPTION="block type MainZone-P"/><OtherTag ID="BT2584" LABEL="MarginTextZone-Notes" DESCRIPTION="block type MarginTextZone-Notes"/><OtherTag ID="BT2585" LABEL="MainZone-Continued" DESCRIPTION="block type MainZone-Continued"/>
    <OtherTag ID="LT7" LABEL="CustomLine" DESCRIPTION="line type CustomLine"/><OtherTag ID="LT8" LABEL="DefaultLine" DESCRIPTION="line type DefaultLine"/><OtherTag ID="LT9" LABEL="DropCapitalLine" DESCRIPTION="line type DropCapitalLine"/><OtherTag ID="LT10" LABEL="HeadingLine" DESCRIPTION="line type HeadingLine"/><OtherTag ID="LT11" LABEL="InterlinearLine" DESCRIPTION="line type InterlinearLine"/><OtherTag ID="LT12" LABEL="MusicLine" DESCRIPTION="line type MusicLine"/>
  </Tags>
  <Layout>
    <Page WIDTH="1132"
          HEIGHT="1824"
          PHYSICAL_IMG_NR="42"
          ID="eSc_dummypage_">
      <PrintSpace HPOS="0"
                  VPOS="0"
                  WIDTH="1132"
                  HEIGHT="1824">
        <TextBlock HPOS="39.0"
                   VPOS="185.0"
                   WIDTH="841.0"
                   HEIGHT="381.0"
                   ID="eSc_textblock_82adfc41"
                   TAGREFS="BT2585">
          <Shape><Polygon POINTS="39 190 39 566 880 566 880 185"/></Shape>
          <TextLine ID="eSc_line_7ce70b74"
                    TAGREFS="LT8"
                    BASELINE="44 218 352 215 867 218" 
                    HPOS="44.0"
                    VPOS="177.0"
                    WIDTH="823.0"
                    HEIGHT="56.0">
            <Shape><Polygon POINTS="864 195 854 185 844 185 839 185 824 189 781 189 769 182 764 182 737 186 729 181 722 181 712 181 702 180 699 180 686 182 653 179 651 179 641 178 631 178 627 178 597 184 510 177 509 177 486 179 485 179 484 179 472 188 438 182 437 182 379 188 378 188 376 188 361 177 360 177 359 177 305 177 304 177 303 177 279 188 157 188 141 177 134 177 124 177 114 177 104 177 94 178 84 179 82 179 69 188 45 188 44 189 44 218 44 232 284 224 305 233 306 233 307 233 308 233 316 233 407 225 435 233 436 233 437 233 438 233 442 233 512 225 546 233 548 233 549 233 550 233 578 225 638 233 640 233 641 233 642 233 660 225 865 233 867 218 866 196 864 195"/></Shape>
	    <String CONTENT="toſt de nature eſclaues que ſubiets, ſi eſt-ce que"
                    HPOS="44.0"
                    VPOS="177.0"
                    WIDTH="823.0"
                    HEIGHT="56.0"
                    WC="0.9955084145069122"></String>
          </TextLine>
          <TextLine ID="eSc_line_40390010"
                    TAGREFS="LT8"
                    BASELINE="44 267 868 264" 
                    HPOS="43.0"
                    VPOS="226.0"
                    WIDTH="825.0"
                    HEIGHT="59.0">
            <Shape><Polygon POINTS="44 267 44 280 81 277 93 280 109 285 110 285 111 285 112 285 124 280 135 276 158 280 185 285 186 285 243 280 284 276 297 280 316 285 317 285 318 285 387 284 388 284 389 284 396 279 403 275 424 279 451 284 453 284 482 279 505 275 520 275 526 279 534 284 535 284 536 284 537 285 567 285 567 284 568 284 569 284 578 278 584 275 601 278 617 281 618 281 619 281 625 278 635 274 728 274 734 278 735 279 736 279 737 279 738 279 752 278 781 275 788 278 798 282 799 282 800 282 828 278 833 277 834 277 841 283 842 283 843 283 844 283 845 283 868 277 868 264 867 236 843 226 842 226 841 226 840 226 821 235 821 236 740 236 738 235 715 226 714 226 713 226 671 234 670 234 669 234 610 226 609 226 608 226 582 234 571 236 557 233 527 228 526 228 525 228 506 233 493 237 456 237 450 233 444 228 443 228 442 228 441 228 440 228 439 228 432 232 425 236 327 232 262 229 261 229 260 229 259 229 257 231 248 237 208 236 202 231 200 229 199 229 198 229 197 229 196 229 189 231 165 238 73 238 62 230 62 229 61 229 60 229 59 229 43 229 44 267"/></Shape>
	    <String CONTENT="les peuples d&#x27;Eſpagne (quelque inondation de"
                    HPOS="43.0"
                    VPOS="226.0"
                    WIDTH="825.0"
                    HEIGHT="59.0"
                    WC="0.9882273911075159"></String>
          </TextLine>
          <TextLine ID="eSc_line_80082c83"
                    TAGREFS="LT8"
                    BASELINE="45 316 429 312 868 314" 
                    HPOS="44.0"
                    VPOS="274.0"
                    WIDTH="824.0"
                    HEIGHT="58.0">
            <Shape><Polygon POINTS="45 316 45 332 100 323 136 331 137 331 138 331 151 326 179 331 180 331 181 331 196 324 207 331 208 331 209 331 210 332 238 332 238 331 278 323 289 331 290 331 291 331 292 331 365 323 396 323 416 331 417 331 418 331 454 330 455 330 456 330 465 324 503 329 504 329 505 329 517 323 535 329 536 329 537 329 585 322 633 327 634 327 688 322 740 330 741 330 839 323 865 330 868 314 867 281 848 274 847 274 846 274 845 274 831 281 822 286 790 286 783 281 776 276 775 276 774 276 739 274 738 274 737 274 736 274 727 281 720 286 671 286 661 280 650 275 649 275 648 275 647 275 635 280 625 284 606 280 579 274 578 274 577 274 567 279 555 286 534 279 519 275 518 275 517 275 516 275 504 279 482 286 439 279 417 275 416 275 415 275 414 275 410 278 404 283 371 285 348 278 345 277 344 277 343 277 342 277 339 278 316 286 302 277 298 275 297 275 296 275 254 275 253 275 252 275 251 275 248 277 234 286 141 286 119 276 116 275 115 275 114 275 113 275 112 275 111 276 97 287 78 287 60 276 60 275 59 275 58 275 57 275 44 275 45 316"/></Shape>
	    <String CONTENT="barbarie qu’il y ait eu) ont fait honte iuſques à"
                    HPOS="44.0"
                    VPOS="274.0"
                    WIDTH="824.0"
                    HEIGHT="58.0"
                    WC="0.9898961579799652"></String>
          </TextLine>
          <TextLine ID="eSc_line_7bc7328a"
                    TAGREFS="LT8"
                    BASELINE="46 363 868 360" 
                    HPOS="45.0"
                    VPOS="326.0"
                    WIDTH="823.0"
                    HEIGHT="52.0">
            <Shape><Polygon POINTS="46 363 46 377 117 371 156 378 159 378 160 378 161 378 163 378 180 373 189 378 190 378 191 378 192 378 202 378 253 373 274 377 276 377 277 377 278 377 279 377 287 370 321 370 380 370 391 376 391 377 392 377 393 377 394 377 395 377 398 376 421 371 445 376 451 377 453 377 460 376 483 371 491 376 492 376 493 376 494 376 503 376 565 371 583 375 590 377 591 377 592 377 593 377 600 375 624 369 867 373 868 360 866 330 814 326 813 326 812 326 798 330 785 335 729 335 717 331 699 326 698 326 697 326 696 326 685 331 681 334 641 334 637 332 629 326 628 326 627 326 609 326 608 326 607 326 606 326 595 332 589 336 437 336 431 334 410 328 409 328 408 328 407 328 385 334 381 336 323 336 319 335 273 328 272 328 271 328 270 328 260 335 259 336 257 335 235 328 234 328 233 328 232 328 207 336 206 336 196 328 195 328 194 328 169 328 168 328 167 328 152 336 139 328 138 328 137 328 110 328 109 328 108 328 92 337 45 337 46 363"/></Shape>
	    <String CONTENT="preſent à pluſieurs nations en ceſte matiere. Et"
                    HPOS="45.0"
                    VPOS="326.0"
                    WIDTH="823.0"
                    HEIGHT="52.0"
                    WC="0.9938351475462621"></String>
          </TextLine>
          <TextLine ID="eSc_line_0ba5149a"
                    TAGREFS="LT8"
                    BASELINE="48 412 868 407" 
                    HPOS="47.0"
                    VPOS="370.0"
                    WIDTH="821.0"
                    HEIGHT="61.0">
            <Shape><Polygon POINTS="48 412 48 431 108 422 133 430 134 430 135 430 136 431 177 431 177 430 178 430 182 429 215 421 264 428 276 429 277 429 300 427 375 420 395 426 401 427 402 427 403 427 404 427 410 425 427 420 480 424 532 428 533 428 534 428 535 428 541 423 546 419 643 419 659 421 701 427 702 427 703 427 704 427 710 422 751 424 752 424 778 419 785 418 793 419 834 424 835 424 867 417 868 407 866 383 816 383 768 370 767 370 766 370 765 370 748 382 661 382 639 371 638 371 637 371 636 371 635 371 618 383 617 383 609 383 464 372 463 372 462 372 461 372 445 383 442 385 405 385 402 383 376 372 375 372 374 372 373 372 341 383 335 385 331 383 314 373 313 373 312 373 234 383 217 385 212 383 204 380 203 380 202 380 162 383 130 386 121 383 93 374 92 374 91 374 47 383 48 412"/></Shape>
	    <String CONTENT="pour preuue de cela, i’alleguerai deux teſmoi¬"
                    HPOS="47.0"
                    VPOS="370.0"
                    WIDTH="821.0"
                    HEIGHT="61.0"
                    WC="0.9943627611450527"></String>
          </TextLine>
          <TextLine ID="eSc_line_913c9394"
                    TAGREFS="LT8"
                    BASELINE="48 460 868 457" 
                    HPOS="47.0"
                    VPOS="420.0"
                    WIDTH="821.0"
                    HEIGHT="57.0">
            <Shape><Polygon POINTS="48 460 48 477 141 476 142 476 172 468 323 472 324 472 325 472 341 467 394 467 413 475 414 475 415 476 454 476 454 475 455 475 456 475 466 467 492 475 493 475 494 476 525 476 525 475 526 475 545 467 586 474 587 474 630 466 656 474 657 474 658 474 702 466 711 473 712 473 713 473 714 473 715 473 716 473 725 467 756 472 757 472 758 472 769 467 833 467 866 474 868 457 865 421 817 430 768 430 757 422 753 420 752 420 751 420 750 420 726 423 673 429 665 423 660 420 659 420 658 420 594 420 593 420 592 420 579 425 566 429 509 426 429 421 428 421 427 421 426 421 418 427 413 431 391 431 386 428 376 421 375 421 374 421 332 421 331 421 330 421 305 429 295 431 281 429 235 422 234 422 233 422 232 422 221 430 219 432 47 432 48 460"/></Shape>
	    <String CONTENT="gnages treſ-notables, &amp; dignes d’eſtre eſcrits en"
                    HPOS="47.0"
                    VPOS="420.0"
                    WIDTH="821.0"
                    HEIGHT="57.0"
                    WC="0.9896117582613108"></String>
          </TextLine>
          <TextLine ID="eSc_line_173d775e"
                    TAGREFS="LT8"
                    BASELINE="49 507 868 505" 
                    HPOS="48.0"
                    VPOS="470.0"
                    WIDTH="820.0"
                    HEIGHT="54.0">
            <Shape><Polygon POINTS="49 507 49 524 126 515 147 523 148 523 149 523 151 523 184 515 237 523 238 523 330 521 331 521 332 521 339 515 357 523 358 523 359 524 412 524 412 523 413 523 414 523 426 514 460 514 519 514 537 522 538 522 539 522 599 514 672 514 690 521 691 521 692 521 693 521 694 521 702 515 763 519 764 519 800 514 866 522 868 505 866 479 807 479 807 478 796 470 795 470 794 470 742 470 741 470 740 470 721 478 720 478 661 470 660 470 620 478 617 479 588 479 587 478 569 470 568 470 522 470 521 470 520 470 507 477 498 470 497 470 496 470 459 470 458 470 457 470 456 470 444 478 442 479 438 478 426 473 425 473 424 473 423 473 413 478 410 480 342 480 338 477 331 474 330 474 329 474 328 474 327 474 323 477 319 480 217 480 213 477 205 471 204 471 203 471 202 471 173 477 166 478 147 477 106 474 105 474 104 474 103 474 100 477 97 479 94 477 90 474 89 474 88 474 87 474 86 474 79 477 74 479 70 477 63 472 62 472 61 472 60 472 59 472 48 476 49 507"/></Shape>
	    <String CONTENT="lettres d’or, pour apprendre à tous Rois de bien"
                    HPOS="48.0"
                    VPOS="470.0"
                    WIDTH="820.0"
                    HEIGHT="54.0"
                    WC="0.9874714418333403"></String>
          </TextLine>
          <TextLine ID="eSc_line_0bec8989"
                    TAGREFS="LT8"
                    BASELINE="49 556 822 553" 
                    HPOS="48.0"
                    VPOS="518.0"
                    WIDTH="774.0"
                    HEIGHT="54.0">
            <Shape><Polygon POINTS="49 556 49 572 105 564 200 569 201 569 255 564 265 569 269 571 270 571 271 572 300 572 300 571 302 571 303 571 306 569 317 563 349 563 356 568 358 570 359 570 360 570 361 571 456 571 456 570 457 570 458 570 463 567 468 563 473 566 478 570 479 570 480 570 481 571 517 571 517 570 518 570 526 566 532 563 547 565 565 568 566 568 567 568 575 565 584 562 599 565 615 567 616 567 681 563 710 562 714 563 730 569 731 569 732 569 760 563 786 569 787 569 788 569 821 561 822 553 820 527 758 527 745 518 744 518 743 518 742 518 741 518 714 526 566 518 565 518 564 518 563 518 553 525 516 519 515 519 461 527 307 519 306 519 305 519 281 527 221 520 220 520 183 528 137 522 136 522 135 522 116 528 85 520 84 520 83 520 82 520 48 529 49 556"/></Shape>
	    <String CONTENT="commander, &amp; à tous peuples de bien obeir."
                    HPOS="48.0"
                    VPOS="518.0"
                    WIDTH="774.0"
                    HEIGHT="54.0"
                    WC="0.9870543452196343"></String>
          </TextLine>
        </TextBlock>
        <TextBlock HPOS="426.0"
                   VPOS="138.0"
                   WIDTH="54.0"
                   HEIGHT="45.0"
                   ID="eSc_textblock_f844418d"
                   TAGREFS="BT15">
          <Shape><Polygon POINTS="426 138 429 183 480 183 480 138"/></Shape>
          <TextLine ID="eSc_line_0965f7ed"
                    TAGREFS="LT8"
                    BASELINE="434 170 476 170" 
                    HPOS="434.0"
                    VPOS="141.0"
                    WIDTH="42.0"
                    HEIGHT="48.0">
            <Shape><Polygon POINTS="434 170 434 189 476 188 476 170 475 141 434 141 434 170"/></Shape>
	    <String CONTENT="43"
                    HPOS="434.0"
                    VPOS="141.0"
                    WIDTH="42.0"
                    HEIGHT="48.0"
                    WC="0.9999669790267944"></String>
          </TextLine>
        </TextBlock>
        <TextBlock HPOS="33.0"
                   VPOS="565.0"
                   WIDTH="868.0"
                   HEIGHT="1158.0"
                   ID="eSc_textblock_59018329"
                   TAGREFS="BT2583">
          <Shape><Polygon POINTS="33 565 33 1723 901 1717 901 565"/></Shape>
          <TextLine ID="eSc_line_239740b2"
                    TAGREFS="LT8"
                    BASELINE="83 603 869 599" 
                    HPOS="82.0"
                    VPOS="565.0"
                    WIDTH="787.0"
                    HEIGHT="56.0">
            <Shape><Polygon POINTS="83 603 83 613 161 621 162 621 163 621 164 621 174 613 175 613 180 613 248 617 249 617 364 612 374 612 375 612 400 620 401 620 402 621 475 621 475 620 520 611 522 611 534 618 535 618 536 618 537 618 569 611 571 611 572 611 613 619 614 619 689 610 696 610 710 610 735 611 744 618 745 618 746 618 747 619 795 619 795 618 796 618 809 611 833 618 834 618 835 618 836 618 869 609 869 599 867 575 800 573 788 565 787 565 786 565 785 565 736 574 731 574 727 573 698 565 697 565 696 565 695 565 672 573 666 576 638 576 632 573 617 566 616 566 615 566 579 572 574 573 572 572 557 566 556 566 521 566 520 566 519 566 508 572 503 574 496 572 491 570 490 570 489 570 488 570 483 572 468 576 383 571 379 571 378 571 376 571 365 576 355 571 348 567 347 567 346 567 313 570 248 577 231 570 230 570 229 570 228 570 159 577 149 571 148 571 147 571 146 571 145 571 133 576 118 569 116 568 115 568 114 568 82 568 83 603"/></Shape>
	    <String CONTENT="Le premier teſmoignage eſt extrait du quatri¬"
                    HPOS="82.0"
                    VPOS="565.0"
                    WIDTH="787.0"
                    HEIGHT="56.0"
                    WC="0.9903746512201097"></String>
          </TextLine>
          <TextLine ID="eSc_line_72299355"
                    TAGREFS="LT8"
                    BASELINE="51 651 869 648" 
                    HPOS="50.0"
                    VPOS="611.0"
                    WIDTH="819.0"
                    HEIGHT="50.0">
            <Shape><Polygon POINTS="51 651 51 661 868 660 869 648 866 617 799 621 793 617 786 612 785 612 784 612 783 612 782 612 761 618 759 618 757 618 741 611 740 611 739 611 686 618 664 621 658 619 642 611 641 611 640 611 639 611 638 611 627 619 623 622 511 622 500 620 466 613 465 613 430 621 424 622 421 621 400 612 399 612 398 612 397 612 396 612 381 621 380 622 379 621 363 612 362 612 361 612 360 612 287 618 201 613 200 613 199 613 182 618 165 613 164 613 163 613 162 613 140 624 50 624 51 651"/></Shape>
	    <String CONTENT="eme cõcile de Toledo, chap.74. aiant eſté tenu"
                    HPOS="50.0"
                    VPOS="611.0"
                    WIDTH="819.0"
                    HEIGHT="50.0"
                    WC="0.9883508260051409"></String>
          </TextLine>
          <TextLine ID="eSc_line_de741123"
                    TAGREFS="LT8"
                    BASELINE="50 700 868 694" 
                    HPOS="49.0"
                    VPOS="656.0"
                    WIDTH="819.0"
                    HEIGHT="62.0">
            <Shape><Polygon POINTS="50 700 50 717 94 712 122 716 134 718 135 718 136 718 140 716 153 709 187 709 297 709 307 713 315 717 316 717 317 717 318 717 328 713 341 708 387 712 431 716 432 716 433 716 447 711 460 707 468 711 474 714 475 714 476 714 499 710 513 708 516 710 524 715 525 715 526 715 527 716 579 716 579 715 580 715 594 709 601 706 662 708 828 713 829 713 867 704 868 694 865 667 791 667 790 667 755 656 753 656 752 656 751 656 739 661 700 657 699 657 698 657 673 668 672 668 650 657 649 657 617 657 616 657 615 657 587 669 585 669 578 669 532 664 531 664 530 664 511 669 504 664 503 664 502 664 501 664 446 670 439 670 433 670 356 659 355 659 354 659 353 659 336 670 311 660 310 660 309 660 308 660 275 671 274 671 273 671 251 660 250 660 191 660 190 660 189 660 188 660 177 669 102 661 101 661 100 661 99 661 81 672 80 673 49 673 50 700"/></Shape>
	    <String CONTENT="ce ſynode l’an du Seigneur 644. ſelon la ſuppu¬"
                    HPOS="49.0"
                    VPOS="656.0"
                    WIDTH="819.0"
                    HEIGHT="62.0"
                    WC="0.9883364477056138"></String>
          </TextLine>
          <TextLine ID="eSc_line_f433612c"
                    TAGREFS="LT8"
                    BASELINE="51 747 870 742" 
                    HPOS="50.0"
                    VPOS="707.0"
                    WIDTH="820.0"
                    HEIGHT="56.0">
            <Shape><Polygon POINTS="51 747 51 760 95 756 103 760 109 763 110 763 111 763 112 763 123 760 133 757 142 760 155 763 156 763 157 763 158 763 165 760 173 754 231 754 271 758 296 762 297 762 298 762 307 758 320 754 371 758 390 760 391 760 407 758 458 753 484 757 501 761 502 761 525 757 558 753 614 757 650 760 651 760 681 756 736 751 772 756 788 758 789 758 869 755 870 742 868 717 814 717 793 707 792 707 791 707 747 716 710 707 709 707 708 707 707 707 706 707 694 717 693 717 671 717 651 717 640 708 639 708 638 708 637 708 591 713 565 708 564 708 563 708 562 708 550 716 511 713 510 713 509 713 508 713 501 717 499 719 418 719 416 718 402 709 401 709 400 709 380 709 379 709 378 709 361 715 233 710 232 710 231 710 214 718 212 719 211 718 196 711 195 711 194 711 158 718 146 720 50 719 51 747"/></Shape>
	    <String CONTENT="tation de Sigibert. Les mots du ſynode aſſem¬"
                    HPOS="50.0"
                    VPOS="707.0"
                    WIDTH="820.0"
                    HEIGHT="56.0"
                    WC="0.9956617765956455"></String>
          </TextLine>
          <TextLine ID="eSc_line_850afbf8"
                    TAGREFS="LT8"
                    BASELINE="51 796 870 791" 
                    HPOS="50.0"
                    VPOS="751.0"
                    WIDTH="820.0"
                    HEIGHT="57.0">
            <Shape><Polygon POINTS="51 796 51 808 869 802 870 791 868 751 847 751 846 751 845 751 823 763 666 763 655 756 654 756 653 756 652 756 608 763 596 755 596 754 595 754 594 754 572 752 571 752 570 752 569 752 564 755 560 758 553 755 543 752 542 752 541 752 498 756 462 761 446 757 426 753 425 753 424 753 423 753 418 758 412 763 397 758 380 753 379 753 378 753 341 760 308 766 276 766 270 761 262 754 261 754 260 754 259 754 258 754 239 760 214 754 213 754 212 754 198 762 190 766 171 762 152 758 151 758 149 758 138 763 133 765 128 763 113 755 112 755 60 755 59 755 58 755 57 755 50 761 51 796"/></Shape>
	    <String CONTENT="blé, non ſeulemẽt des Eccleſiaſtiques, mais auſſi"
                    HPOS="50.0"
                    VPOS="751.0"
                    WIDTH="820.0"
                    HEIGHT="57.0"
                    WC="0.981263796488444"></String>
          </TextLine>
          <TextLine ID="eSc_line_3d49ea84"
                    TAGREFS="LT8"
                    BASELINE="51 844 871 839" 
                    HPOS="50.0"
                    VPOS="802.0"
                    WIDTH="821.0"
                    HEIGHT="57.0">
            <Shape><Polygon POINTS="51 844 51 853 67 859 68 859 69 859 70 859 91 853 94 853 101 853 170 859 171 859 172 859 173 859 182 853 183 853 185 853 213 859 214 859 246 853 254 852 263 853 295 858 296 858 353 853 380 851 470 851 475 853 481 857 482 857 483 857 484 857 533 856 534 856 535 856 539 853 544 850 563 853 585 856 586 856 618 853 645 850 666 853 685 855 686 855 706 853 727 850 747 853 767 855 768 855 769 855 776 853 784 850 793 853 801 855 802 855 803 855 870 852 871 839 869 812 792 812 776 803 775 803 774 803 700 812 662 802 661 802 660 802 659 802 658 802 645 813 633 813 611 802 610 802 546 802 545 802 514 803 513 803 512 803 499 812 448 803 447 803 446 803 424 813 353 804 352 804 351 804 350 804 338 813 321 807 320 807 319 807 318 807 317 807 307 814 284 804 283 804 232 804 231 804 230 804 229 804 212 815 165 810 164 810 163 810 162 810 155 816 95 816 73 806 72 806 71 806 70 806 50 815 51 844"/></Shape>
	    <String CONTENT="des autres Eſtats, ſont tels, NVL d’entre nous"
                    HPOS="50.0"
                    VPOS="802.0"
                    WIDTH="821.0"
                    HEIGHT="57.0"
                    WC="0.999912273624669"></String>
          </TextLine>
          <TextLine ID="eSc_line_566323c2"
                    TAGREFS="LT8"
                    BASELINE="52 892 872 887" 
                    HPOS="51.0"
                    VPOS="849.0"
                    WIDTH="821.0"
                    HEIGHT="60.0">
            <Shape><Polygon POINTS="52 892 53 909 83 899 100 908 101 908 102 909 151 909 151 908 152 908 185 899 238 899 249 905 250 905 251 905 252 905 294 900 304 906 305 906 306 906 307 906 308 906 309 906 320 898 380 898 393 906 394 906 395 906 396 907 444 907 444 906 445 906 446 906 457 899 505 905 506 905 551 897 667 902 668 902 725 895 738 900 739 900 740 900 792 895 815 904 816 904 817 905 871 905 872 887 870 852 807 849 806 849 805 849 798 853 781 862 665 862 644 855 628 850 627 850 566 850 565 850 564 850 550 857 540 862 529 857 513 851 512 851 511 851 510 851 509 851 500 858 494 862 421 863 412 859 402 855 401 855 400 855 375 860 374 860 372 860 336 852 335 852 334 852 313 861 293 852 292 852 264 852 263 852 262 852 233 862 229 864 224 863 200 853 199 853 167 853 166 853 116 864 112 865 110 865 98 860 97 860 96 860 51 865 52 892"/></Shape>
	    <String CONTENT="ne preſume de ſ&#x27;emparer du Roiaume. Nul"
                    HPOS="51.0"
                    VPOS="849.0"
                    WIDTH="821.0"
                    HEIGHT="60.0"
                    WC="0.9969072433618399"></String>
          </TextLine>
          <TextLine ID="eSc_line_a75ca2c4"
                    TAGREFS="LT8"
                    BASELINE="52 940 847 936" 
                    HPOS="51.0"
                    VPOS="900.0"
                    WIDTH="796.0"
                    HEIGHT="48.0">
            <Shape><Polygon POINTS="52 940 52 948 846 945 847 936 845 909 791 909 775 901 774 901 773 901 772 901 750 909 705 909 689 900 688 900 661 900 660 900 659 900 626 909 597 903 596 903 595 903 579 910 464 910 416 902 415 902 414 902 397 909 379 902 378 902 251 902 250 902 208 913 127 913 117 904 116 904 115 904 114 904 113 904 112 904 103 913 51 913 52 940"/></Shape>
	    <String CONTENT="n’eſmeuue ſeditions des vns contre les autres."
                    HPOS="51.0"
                    VPOS="900.0"
                    WIDTH="796.0"
                    HEIGHT="48.0"
                    WC="0.998931137116059"></String>
          </TextLine>
          <TextLine ID="eSc_line_36fb4f8c"
                    TAGREFS="LT8"
                    BASELINE="55 988 873 982" 
                    HPOS="54.0"
                    VPOS="945.0"
                    WIDTH="819.0"
                    HEIGHT="59.0">
            <Shape><Polygon POINTS="55 988 55 1004 218 996 266 1002 267 1002 268 1002 280 996 294 1002 295 1002 296 1002 343 996 409 1001 410 1001 411 1001 412 1001 420 995 563 995 591 1000 592 1000 593 1000 594 1000 604 994 658 1000 659 1000 697 994 719 999 720 999 721 999 755 994 871 999 873 982 871 955 836 955 835 954 821 945 820 945 819 945 779 945 778 945 777 945 760 952 728 945 727 945 726 945 698 954 696 954 686 946 685 946 684 946 665 946 664 946 663 946 648 953 645 956 575 956 571 953 560 946 559 946 558 946 557 946 518 953 510 954 507 953 495 947 494 947 460 947 459 947 458 947 457 947 448 952 442 957 398 957 392 952 391 951 390 951 389 951 388 951 387 951 386 951 385 952 379 957 365 952 354 948 353 948 352 948 322 952 282 957 266 952 256 948 255 948 254 948 253 948 241 951 216 959 146 959 132 951 128 949 127 949 126 949 125 949 120 951 111 955 104 951 102 949 101 949 100 949 99 949 54 950 55 988"/></Shape>
	    <String CONTENT="Nul ne machine la mort des Rois: Ains le Prin¬"
                    HPOS="54.0"
                    VPOS="945.0"
                    WIDTH="819.0"
                    HEIGHT="59.0"
                    WC="0.9915486859238666"></String>
          </TextLine>
          <TextLine ID="eSc_line_c3dfada8"
                    TAGREFS="LT8"
                    BASELINE="54 1035 872 1030" 
                    HPOS="54.0"
                    VPOS="995.0"
                    WIDTH="818.0"
                    HEIGHT="55.0">
            <Shape><Polygon POINTS="54 1050 103 1043 179 1043 193 1048 194 1048 195 1048 235 1042 374 1048 380 1048 381 1048 382 1048 383 1048 393 1042 438 1047 439 1047 440 1047 441 1047 449 1040 635 1040 646 1046 647 1046 648 1046 649 1047 694 1047 694 1046 695 1046 709 1039 723 1045 724 1045 725 1045 759 1039 837 1045 841 1045 842 1045 843 1045 859 1039 868 1045 872 1030 870 1006 806 1005 787 995 786 995 714 995 713 995 712 995 711 995 705 1001 688 996 687 996 686 996 685 996 684 996 669 1005 666 1007 626 1007 624 1005 612 996 611 996 610 996 609 996 608 996 584 1005 580 1006 545 1006 544 1005 533 997 532 997 531 997 505 997 504 997 503 997 502 997 491 1005 490 1005 485 1005 429 997 428 997 427 997 426 997 414 1004 409 1008 380 1008 372 1004 369 1003 368 1003 367 1003 354 1004 323 1008 317 1004 307 998 306 998 305 998 304 998 303 998 287 1004 279 1008 246 1008 240 1004 238 1002 237 1002 236 1002 235 1002 234 1002 229 1004 215 1010 160 1010 152 1004 144 999 143 999 142 999 141 999 104 1004 71 1008 54 1004 54 1035 54 1050"/></Shape>
	    <String CONTENT="ce eſtant mort en paix, les Principaux de la na¬"
                    HPOS="54.0"
                    VPOS="995.0"
                    WIDTH="818.0"
                    HEIGHT="55.0"
                    WC="0.99018394947052"></String>
          </TextLine>
          <TextLine ID="eSc_line_9b847df8"
                    TAGREFS="LT8"
                    BASELINE="55 1084 873 1078" 
                    HPOS="54.0"
                    VPOS="1041.0"
                    WIDTH="819.0"
                    HEIGHT="62.0">
            <Shape><Polygon POINTS="55 1084 55 1095 80 1093 91 1095 111 1100 112 1100 113 1100 114 1100 121 1095 125 1093 131 1095 151 1102 152 1102 153 1103 191 1103 191 1102 220 1101 221 1101 222 1101 233 1094 237 1092 252 1094 265 1096 266 1096 334 1094 415 1091 421 1093 433 1098 434 1098 435 1098 458 1093 472 1090 500 1093 534 1096 535 1096 569 1092 601 1089 637 1089 641 1092 648 1097 649 1097 650 1097 651 1097 652 1097 662 1093 670 1098 671 1098 672 1098 673 1099 736 1099 736 1098 872 1090 873 1078 871 1050 788 1041 787 1041 704 1050 686 1041 685 1041 663 1041 662 1041 661 1041 644 1050 517 1042 516 1042 515 1042 496 1051 486 1043 485 1043 484 1043 464 1042 463 1042 462 1042 441 1053 306 1053 285 1044 284 1044 234 1044 233 1044 232 1044 231 1044 216 1053 120 1045 119 1045 118 1045 99 1055 54 1055 55 1084"/></Shape>
	    <String CONTENT="tion (appellez auec eux les Eccleſiaſtiques) eſta¬"
                    HPOS="54.0"
                    VPOS="1041.0"
                    WIDTH="819.0"
                    HEIGHT="62.0"
                    WC="0.9926794803142548"></String>
          </TextLine>
          <TextLine ID="eSc_line_bc19ed57"
                    TAGREFS="LT8"
                    BASELINE="55 1130 874 1126" 
                    HPOS="54.0"
                    VPOS="1092.0"
                    WIDTH="820.0"
                    HEIGHT="54.0">
            <Shape><Polygon POINTS="55 1130 55 1146 190 1140 243 1144 258 1145 259 1145 267 1144 295 1138 420 1142 474 1143 475 1143 476 1143 480 1141 486 1137 626 1138 848 1142 849 1142 873 1135 874 1126 872 1103 772 1097 771 1097 732 1101 722 1102 716 1101 694 1096 693 1096 692 1096 675 1101 666 1104 570 1104 563 1099 558 1096 557 1096 556 1096 555 1096 554 1096 553 1096 549 1099 543 1104 512 1104 505 1099 495 1092 494 1092 493 1092 466 1092 465 1092 464 1092 463 1092 463 1093 456 1098 456 1099 454 1098 434 1093 433 1093 432 1093 431 1093 430 1093 422 1098 414 1103 389 1102 383 1098 376 1093 375 1093 374 1093 339 1093 338 1093 337 1093 323 1097 299 1104 274 1097 261 1093 260 1093 259 1093 258 1093 246 1096 225 1103 168 1105 151 1095 148 1094 147 1094 146 1094 145 1094 54 1094 55 1130"/></Shape>
	    <String CONTENT="bliſſent vn ſucceſſeur du Roiaume par commu¬"
                    HPOS="54.0"
                    VPOS="1092.0"
                    WIDTH="820.0"
                    HEIGHT="54.0"
                    WC="0.9984366257082332"></String>
          </TextLine>
          <TextLine ID="eSc_line_3e9e3217"
                    TAGREFS="LT8"
                    BASELINE="55 1179 873 1173" 
                    HPOS="54.0"
                    VPOS="1137.0"
                    WIDTH="819.0"
                    HEIGHT="57.0">
            <Shape><Polygon POINTS="55 1179 55 1194 89 1188 148 1193 152 1193 153 1193 155 1193 193 1187 258 1192 280 1193 281 1193 282 1193 286 1191 295 1188 313 1191 326 1193 327 1193 328 1193 335 1191 350 1186 416 1190 463 1192 464 1192 483 1189 504 1185 543 1188 583 1191 584 1191 623 1187 651 1184 767 1184 770 1185 779 1189 780 1189 781 1189 872 1183 873 1173 871 1150 831 1150 803 1137 802 1137 801 1137 800 1137 787 1145 752 1141 751 1141 750 1141 727 1149 702 1138 701 1138 700 1138 699 1138 698 1138 680 1150 678 1151 657 1151 656 1150 642 1138 641 1138 640 1138 600 1138 599 1138 598 1138 567 1150 564 1152 457 1152 453 1151 445 1146 444 1146 443 1146 442 1146 441 1146 430 1151 427 1152 424 1151 410 1142 409 1142 408 1142 348 1141 347 1141 346 1141 345 1141 329 1151 326 1153 323 1151 316 1146 315 1146 314 1146 313 1146 288 1151 277 1153 258 1151 230 1148 229 1148 212 1151 207 1152 205 1151 189 1143 188 1143 113 1143 112 1143 111 1143 92 1151 86 1154 54 1152 55 1179"/></Shape>
	    <String CONTENT="ne deliberation, à fin que veritable concorde e¬"
                    HPOS="54.0"
                    VPOS="1137.0"
                    WIDTH="819.0"
                    HEIGHT="57.0"
                    WC="0.9943605430272161"></String>
          </TextLine>
          <TextLine ID="eSc_line_682c25ea"
                    TAGREFS="LT8"
                    BASELINE="56 1228 875 1223" 
                    HPOS="55.0"
                    VPOS="1189.0"
                    WIDTH="820.0"
                    HEIGHT="53.0">
            <Shape><Polygon POINTS="56 1228 56 1236 171 1242 172 1242 207 1236 207 1235 329 1235 345 1241 346 1241 347 1241 443 1234 450 1234 457 1234 519 1240 520 1240 619 1233 626 1233 632 1233 710 1239 711 1239 744 1232 747 1232 749 1232 764 1238 765 1238 766 1238 874 1231 875 1223 873 1197 838 1189 837 1189 796 1196 778 1189 777 1189 776 1189 710 1197 706 1198 589 1198 588 1197 548 1190 547 1190 546 1190 532 1197 530 1199 435 1199 434 1198 421 1191 420 1191 384 1191 383 1191 382 1191 368 1198 366 1199 339 1198 263 1194 262 1194 208 1198 183 1200 172 1198 144 1193 143 1193 142 1193 129 1198 124 1200 117 1198 93 1193 92 1193 55 1198 56 1228"/></Shape>
	    <String CONTENT="ſtant par nous conſeruee, nul n’entreprenne de"
                    HPOS="55.0"
                    VPOS="1189.0"
                    WIDTH="820.0"
                    HEIGHT="53.0"
                    WC="0.9892737165741299"></String>
          </TextLine>
          <TextLine ID="eSc_line_02e1500a"
                    TAGREFS="LT8"
                    BASELINE="56 1275 876 1269" 
                    HPOS="55.0"
                    VPOS="1238.0"
                    WIDTH="821.0"
                    HEIGHT="52.0">
            <Shape><Polygon POINTS="56 1275 56 1283 104 1290 105 1290 163 1284 188 1290 189 1290 190 1290 191 1290 202 1285 281 1288 282 1288 283 1288 284 1288 292 1283 355 1288 356 1288 357 1288 382 1282 397 1288 398 1288 399 1288 453 1282 536 1287 537 1287 571 1281 600 1287 601 1287 654 1281 716 1286 717 1286 718 1286 738 1279 752 1285 753 1285 755 1286 850 1286 850 1285 851 1285 876 1277 876 1269 874 1246 796 1246 786 1239 785 1239 784 1239 783 1239 782 1239 766 1245 715 1241 714 1241 680 1246 663 1238 662 1238 614 1238 613 1238 612 1238 590 1247 589 1247 584 1247 519 1243 518 1243 450 1248 441 1248 438 1248 417 1243 416 1243 381 1248 380 1248 364 1240 363 1240 329 1240 328 1240 290 1249 286 1250 231 1250 229 1249 193 1241 192 1241 191 1241 166 1249 164 1250 161 1249 141 1242 140 1242 139 1242 104 1248 71 1242 70 1242 69 1242 55 1248 56 1275"/></Shape>
	    <String CONTENT="diuiſer le païs &amp; la nation par ambition ou vio¬"
                    HPOS="55.0"
                    VPOS="1238.0"
                    WIDTH="821.0"
                    HEIGHT="52.0"
                    WC="0.9989838040604884"></String>
          </TextLine>
          <TextLine ID="eSc_line_967f303a"
                    TAGREFS="LT8"
                    BASELINE="58 1324 876 1318" 
                    HPOS="57.0"
                    VPOS="1282.0"
                    WIDTH="819.0"
                    HEIGHT="53.0">
            <Shape><Polygon POINTS="58 1324 58 1335 875 1328 876 1318 874 1295 771 1293 746 1282 745 1282 744 1282 743 1282 722 1293 718 1295 714 1293 697 1286 696 1286 695 1286 694 1286 677 1293 674 1294 671 1293 646 1283 645 1283 617 1283 616 1283 615 1283 595 1292 586 1296 574 1292 551 1284 550 1284 549 1284 548 1284 521 1292 508 1296 435 1297 367 1290 364 1290 363 1290 362 1290 332 1297 320 1289 313 1286 312 1286 231 1286 230 1286 229 1286 221 1289 210 1294 201 1289 195 1286 194 1286 193 1286 178 1288 125 1299 57 1288 58 1324"/></Shape>
	    <String CONTENT="lence. Et ſ’il aduient que ceſte admonition n’a¬"
                    HPOS="57.0"
                    VPOS="1282.0"
                    WIDTH="819.0"
                    HEIGHT="53.0"
                    WC="0.9875747909148535"></String>
          </TextLine>
          <TextLine ID="eSc_line_53bf7292"
                    TAGREFS="LT8"
                    BASELINE="59 1372 877 1366" 
                    HPOS="58.0"
                    VPOS="1333.0"
                    WIDTH="819.0"
                    HEIGHT="54.0">
            <Shape><Polygon POINTS="59 1372 59 1387 100 1381 152 1386 153 1387 211 1387 219 1387 219 1386 220 1386 221 1386 229 1381 282 1385 283 1385 284 1385 285 1385 292 1380 372 1380 384 1385 385 1385 386 1385 428 1379 527 1384 529 1384 567 1378 575 1383 576 1383 577 1383 578 1383 616 1378 675 1383 676 1383 714 1377 767 1382 768 1382 850 1377 875 1382 877 1366 875 1334 851 1333 850 1333 849 1333 848 1333 847 1334 835 1341 768 1335 764 1335 763 1335 762 1335 761 1335 747 1341 725 1336 713 1333 712 1333 689 1336 646 1342 614 1338 613 1338 470 1343 462 1339 454 1335 453 1335 420 1335 419 1335 418 1335 399 1340 382 1344 357 1340 326 1336 325 1336 324 1336 323 1336 316 1341 310 1344 275 1342 225 1338 224 1338 223 1338 205 1343 194 1345 183 1343 155 1337 154 1337 153 1337 152 1337 141 1343 138 1345 130 1344 100 1337 99 1337 98 1337 97 1337 87 1344 85 1345 58 1345 59 1372"/></Shape>
	    <String CONTENT="mende nos penſees, &amp; n’ameine noſtre cueur à"
                    HPOS="58.0"
                    VPOS="1333.0"
                    WIDTH="819.0"
                    HEIGHT="54.0"
                    WC="0.9992599341604445"></String>
          </TextLine>
          <TextLine ID="eSc_line_71556173"
                    TAGREFS="LT8"
                    BASELINE="60 1420 877 1414" 
                    HPOS="59.0"
                    VPOS="1380.0"
                    WIDTH="818.0"
                    HEIGHT="56.0">
            <Shape><Polygon POINTS="60 1420 60 1436 163 1436 163 1435 170 1434 196 1428 257 1428 271 1432 277 1434 278 1434 279 1434 296 1432 333 1427 415 1430 467 1432 468 1432 469 1432 470 1432 474 1429 481 1426 511 1426 522 1429 537 1432 538 1432 539 1432 572 1428 588 1426 597 1427 617 1431 618 1431 619 1431 620 1431 626 1427 630 1425 689 1426 858 1430 859 1430 860 1430 877 1423 877 1414 875 1390 750 1380 749 1380 748 1380 747 1380 735 1390 704 1381 703 1381 665 1381 664 1381 663 1381 651 1388 642 1382 641 1382 640 1382 639 1382 638 1382 620 1389 546 1382 545 1382 544 1382 526 1391 448 1392 430 1392 407 1384 406 1384 405 1384 404 1384 385 1392 344 1383 343 1383 342 1383 341 1383 333 1390 324 1384 323 1384 322 1384 279 1384 278 1384 277 1384 259 1393 258 1393 227 1389 225 1389 163 1394 157 1394 156 1394 149 1389 148 1389 147 1389 146 1389 145 1389 135 1394 134 1395 59 1395 60 1420"/></Shape>
	    <String CONTENT="pouruoir au ſalut commun, Oiez noſtre ſenten¬"
                    HPOS="59.0"
                    VPOS="1380.0"
                    WIDTH="818.0"
                    HEIGHT="56.0"
                    WC="0.9868268873956468"></String>
          </TextLine>
          <TextLine ID="eSc_line_411a4570"
                    TAGREFS="LT8"
                    BASELINE="61 1468 876 1463" 
                    HPOS="60.0"
                    VPOS="1430.0"
                    WIDTH="816.0"
                    HEIGHT="57.0">
            <Shape><Polygon POINTS="61 1468 61 1481 90 1476 104 1481 109 1483 110 1483 111 1483 112 1483 113 1483 115 1481 123 1476 152 1476 164 1481 178 1486 179 1486 180 1487 218 1487 218 1486 219 1486 220 1486 228 1480 232 1476 261 1475 275 1480 292 1485 293 1485 294 1486 331 1486 331 1485 380 1479 415 1474 435 1478 455 1482 456 1482 484 1478 501 1475 506 1477 516 1483 517 1483 518 1483 519 1483 542 1477 558 1473 566 1477 576 1482 577 1482 578 1482 579 1482 599 1477 613 1473 626 1476 648 1483 649 1483 650 1483 651 1483 667 1477 699 1483 700 1483 701 1483 721 1476 725 1474 728 1475 738 1482 739 1482 740 1482 741 1482 774 1476 821 1482 822 1482 823 1482 839 1475 859 1480 860 1480 861 1480 862 1480 876 1474 876 1463 874 1431 794 1430 793 1430 785 1431 761 1437 736 1432 730 1431 729 1431 728 1431 725 1432 711 1438 692 1432 683 1430 682 1430 681 1430 680 1430 672 1433 656 1439 466 1439 426 1435 387 1431 386 1431 385 1431 373 1436 361 1440 307 1436 273 1434 272 1434 271 1434 265 1437 259 1440 254 1437 248 1432 247 1432 246 1432 245 1432 244 1432 232 1437 221 1442 196 1442 189 1437 183 1433 182 1433 181 1433 151 1433 149 1433 148 1433 147 1433 139 1438 134 1441 114 1438 80 1433 79 1433 78 1433 60 1438 61 1468"/></Shape>
	    <String CONTENT="ce, Quiconques d’entre nous ou des peuples"
                    HPOS="60.0"
                    VPOS="1430.0"
                    WIDTH="816.0"
                    HEIGHT="57.0"
                    WC="0.9980195789110093"></String>
          </TextLine>
          <TextLine ID="eSc_line_a4f1acb1"
                    TAGREFS="LT8"
                    BASELINE="60 1515 876 1509" 
                    HPOS="59.0"
                    VPOS="1478.0"
                    WIDTH="817.0"
                    HEIGHT="57.0">
            <Shape><Polygon POINTS="60 1515 60 1529 71 1535 72 1535 73 1535 109 1530 146 1535 147 1535 148 1535 149 1535 159 1529 194 1535 195 1535 233 1527 237 1526 238 1527 248 1534 249 1534 250 1534 251 1535 293 1535 293 1534 294 1534 313 1529 347 1533 348 1533 349 1533 378 1525 380 1525 387 1531 388 1531 389 1531 436 1533 437 1533 438 1533 471 1525 472 1525 490 1530 491 1530 492 1530 493 1530 510 1524 512 1524 523 1524 584 1528 585 1528 672 1523 682 1523 695 1530 696 1530 697 1530 728 1524 759 1530 760 1530 761 1530 775 1523 821 1529 822 1529 823 1529 838 1522 839 1522 875 1522 876 1509 874 1487 781 1479 780 1479 779 1479 778 1479 768 1486 748 1482 747 1482 705 1486 695 1487 694 1486 681 1478 680 1478 678 1478 677 1478 676 1478 661 1486 658 1486 611 1483 610 1483 609 1483 602 1486 598 1488 565 1486 526 1484 525 1484 494 1486 450 1489 434 1486 405 1480 384 1480 383 1480 382 1480 381 1480 371 1486 366 1489 292 1490 264 1486 257 1485 256 1485 255 1485 253 1486 243 1490 229 1486 218 1483 217 1483 216 1483 215 1483 207 1486 192 1491 176 1486 166 1482 165 1482 164 1482 59 1485 60 1515"/></Shape>
	    <String CONTENT="d’Eſpagne par quelque coniuration, ou entre¬"
                    HPOS="59.0"
                    VPOS="1478.0"
                    WIDTH="817.0"
                    HEIGHT="57.0"
                    WC="0.9989885240793228"></String>
          </TextLine>
          <TextLine ID="eSc_line_ab3cde21"
                    TAGREFS="LT8"
                    BASELINE="61 1564 880 1558" 
                    HPOS="60.0"
                    VPOS="1521.0"
                    WIDTH="820.0"
                    HEIGHT="59.0">
            <Shape><Polygon POINTS="61 1564 61 1573 68 1578 69 1578 70 1578 71 1578 72 1578 73 1578 83 1572 84 1572 121 1572 123 1572 143 1580 144 1580 145 1580 146 1580 165 1573 188 1579 189 1579 190 1579 218 1573 227 1571 237 1573 271 1579 272 1579 273 1579 274 1579 282 1573 286 1571 321 1573 354 1575 355 1575 373 1573 404 1570 419 1573 430 1576 431 1576 432 1576 459 1574 506 1569 522 1574 533 1577 534 1577 535 1577 536 1577 545 1574 559 1569 588 1574 606 1577 607 1577 624 1574 656 1569 682 1575 690 1576 691 1576 692 1576 693 1576 694 1575 702 1569 733 1575 742 1576 743 1576 756 1575 822 1567 833 1574 834 1574 835 1574 836 1574 837 1574 846 1570 878 1575 880 1558 879 1529 860 1523 859 1523 858 1523 857 1523 836 1529 833 1530 832 1529 821 1522 820 1522 819 1522 795 1521 794 1521 793 1521 792 1521 781 1530 780 1531 746 1531 744 1530 728 1522 727 1522 726 1522 725 1522 710 1528 669 1522 668 1522 667 1522 666 1522 658 1528 650 1522 649 1522 648 1522 611 1522 610 1522 570 1523 569 1523 568 1523 557 1530 549 1526 548 1526 547 1526 546 1526 545 1526 537 1532 480 1532 422 1533 421 1533 406 1524 405 1524 404 1524 351 1524 350 1524 349 1524 348 1524 340 1531 311 1525 310 1525 309 1525 271 1534 271 1535 263 1535 134 1535 114 1526 113 1526 112 1526 111 1526 110 1526 97 1536 60 1536 61 1564"/></Shape>
	    <String CONTENT="prinſe aura violé le ſerment de fidelité, qu’il a à"
                    HPOS="60.0"
                    VPOS="1521.0"
                    WIDTH="820.0"
                    HEIGHT="59.0"
                    WC="0.9753974356033184"></String>
          </TextLine>
          <TextLine ID="eSc_line_761fffb8"
                    TAGREFS="LT8"
                    BASELINE="61 1613 881 1606" 
                    HPOS="60.0"
                    VPOS="1570.0"
                    WIDTH="821.0"
                    HEIGHT="56.0">
            <Shape><Polygon POINTS="61 1613 61 1625 192 1621 208 1625 214 1626 215 1626 216 1626 217 1626 223 1625 240 1621 265 1624 277 1626 278 1626 304 1624 358 1620 386 1624 396 1625 397 1625 398 1625 401 1624 413 1619 428 1624 430 1624 431 1624 432 1624 443 1624 507 1619 523 1623 527 1624 529 1624 530 1624 558 1623 688 1617 742 1622 745 1622 746 1622 750 1622 821 1616 879 1621 881 1606 879 1578 792 1570 791 1570 790 1570 789 1570 778 1579 753 1580 744 1579 695 1571 694 1571 631 1580 624 1581 621 1580 593 1572 592 1572 591 1572 550 1581 549 1581 531 1572 530 1572 529 1572 527 1572 499 1580 471 1573 470 1573 469 1573 468 1573 441 1581 399 1574 398 1574 397 1574 396 1574 384 1583 383 1584 334 1584 327 1584 316 1578 315 1578 314 1578 313 1578 291 1584 289 1585 276 1585 275 1584 264 1575 263 1575 262 1575 229 1575 228 1575 227 1575 225 1575 214 1584 174 1584 163 1576 162 1576 161 1576 160 1576 159 1576 134 1583 103 1576 102 1576 101 1576 100 1576 89 1585 60 1586 61 1613"/></Shape>
	    <String CONTENT="la Patrie, à la natiõ des Goths, &amp; conſeruatiõ de"
                    HPOS="60.0"
                    VPOS="1570.0"
                    WIDTH="821.0"
                    HEIGHT="56.0"
                    WC="0.9944815326195496"></String>
          </TextLine>
          <TextLine ID="eSc_line_74522c55"
                    TAGREFS="LT8"
                    BASELINE="61 1660 883 1655" 
                    HPOS="60.0"
                    VPOS="1620.0"
                    WIDTH="823.0"
                    HEIGHT="56.0">
            <Shape><Polygon POINTS="61 1660 61 1673 295 1675 296 1675 297 1675 304 1673 313 1668 318 1673 321 1675 322 1675 323 1675 324 1676 389 1676 389 1675 409 1673 446 1667 464 1673 470 1674 471 1674 472 1674 473 1674 478 1672 493 1667 506 1672 511 1674 512 1674 513 1674 524 1672 553 1666 580 1672 586 1673 587 1673 588 1673 589 1673 590 1672 597 1666 687 1672 712 1673 713 1673 720 1672 746 1665 882 1670 883 1655 881 1631 833 1620 763 1620 762 1620 761 1620 738 1630 736 1631 705 1631 700 1629 678 1621 677 1621 642 1621 641 1621 640 1621 639 1621 629 1629 625 1632 558 1632 552 1628 548 1625 547 1625 546 1625 545 1625 544 1625 534 1628 519 1632 486 1628 478 1627 477 1627 465 1628 402 1632 380 1627 379 1627 378 1627 372 1627 272 1633 243 1626 231 1623 230 1623 229 1623 228 1623 220 1626 201 1633 183 1625 179 1624 178 1624 177 1624 176 1624 175 1624 174 1625 162 1633 151 1625 149 1625 148 1625 147 1625 146 1625 145 1625 128 1633 98 1625 94 1624 93 1624 92 1624 60 1624 61 1660"/></Shape>
	    <String CONTENT="la vie du Roi, ou qui aura attenté à la vie du Roi"
                    HPOS="60.0"
                    VPOS="1620.0"
                    WIDTH="823.0"
                    HEIGHT="56.0"
                    WC="0.9923588943022948"></String>
          </TextLine>
          <TextLine ID="eSc_line_5fe14d19"
                    TAGREFS="LT8"
                    BASELINE="64 1708 879 1702" 
                    HPOS="63.0"
                    VPOS="1668.0"
                    WIDTH="816.0"
                    HEIGHT="64.0">
            <Shape><Polygon POINTS="64 1708 64 1732 115 1726 135 1732 136 1732 137 1732 138 1732 139 1732 140 1732 153 1725 179 1731 183 1732 184 1732 185 1732 186 1731 203 1722 217 1731 218 1731 219 1731 220 1731 222 1731 280 1722 310 1722 328 1730 330 1731 331 1731 332 1731 338 1730 372 1722 471 1720 496 1729 497 1729 498 1729 499 1729 507 1729 608 1719 681 1719 696 1727 698 1728 699 1728 700 1728 701 1728 704 1727 716 1722 732 1727 737 1728 738 1728 739 1728 746 1727 764 1723 878 1725 879 1702 877 1679 833 1673 832 1673 831 1673 814 1679 618 1679 596 1668 595 1668 557 1668 556 1668 555 1668 554 1668 542 1678 509 1680 477 1668 476 1668 475 1668 474 1668 455 1675 435 1669 434 1669 433 1669 432 1669 431 1669 419 1680 396 1681 366 1669 365 1669 336 1669 335 1669 240 1670 239 1670 208 1681 190 1672 189 1672 133 1672 132 1672 131 1672 113 1681 72 1678 71 1678 70 1678 69 1678 63 1682 64 1708"/></Shape>
	    <String CONTENT="ou deſpouillé le Roi de ſa puiſſance, ou par pre¬"
                    HPOS="63.0"
                    VPOS="1668.0"
                    WIDTH="816.0"
                    HEIGHT="64.0"></String>
          </TextLine>
        </TextBlock>
        <TextBlock HPOS="664.0"
                   VPOS="1721.0"
                   WIDTH="92.0"
                   HEIGHT="36.0"
                   ID="eSc_textblock_4c22d135"
                   TAGREFS="BT17">
          <Shape><Polygon POINTS="756 1757 756 1721 664 1721 664 1757"/></Shape>
          <TextLine ID="eSc_line_43db8e0a"
                    TAGREFS="LT8"
                    BASELINE="669 1753 748 1754" 
                    HPOS="667"
                    VPOS="1722"
                    WIDTH="80"
                    HEIGHT="79">
            <Shape><Polygon POINTS="728 1722 713 1722 698 1722 683 1722 667 1722 667 1752 667 1801 747 1801 747 1752 747 1723 730 1722 728 1722"/></Shape>
	    <String CONTENT="F 2"
                    HPOS="667"
                    VPOS="1722"
                    WIDTH="80"
                    HEIGHT="79"></String>
          </TextLine>
        </TextBlock>
      </PrintSpace>
    </Page>
  </Layout>
</alto>
