1132 1824
663.0 141.0 61.0 42.0 64

274.0 183.0 829.0 57.0 me que le ſeigneur commettant felonnie, perd

275.0 229.0 829.0 55.0 ſon droit contre le vaſſal. Ie di donc au cas où

275.0 278.0 828.0 57.0 nous ſommes, qu’vn Roi ou meſmes vn Empe¬

275.0 328.0 831.0 50.0 reur, releuant de la ſouueraineté, commettant

278.0 374.0 826.0 54.0 felonnie contre ſes vaſſaux, aſſauoir ſes ſubiets,

281.0 422.0 822.0 58.0 (ce que iamais ne puiſſe aduenir) perd ſon fief,

278.0 473.0 823.0 55.0 non pour eſtre adiugé aux vaſſaux, mais pour y

279.0 519.0 828.0 58.0 eſtre pourueu par ceux qui repteſentent la ſou¬

279.0 567.0 829.0 58.0 ueraineté. Et faut noter pour bien cognoiſtre

280.0 614.0 827.0 59.0 combien eſt ferme ceſt argument, que ces ſei¬

282.0 661.0 827.0 57.0 gneurs ſubalternes inueſtiſſans leurs vaſſaux, ne

280.0 711.0 829.0 58.0 leur preſtent aucun ſerment expres. Et pourtãt

282.0 757.0 827.0 62.0 ce que i’ai dit qui ſ'obſerue contre eux quand ils

282.0 807.0 828.0 53.0 commettent felonnie contre leurs vaſſaux, n’eſt

283.0 853.0 827.0 57.0 fondé ſinon ſur ceſte ſeule raiſon d’equité natu¬

283.0 902.0 828.0 58.0 relle, qui ſ'entend aſſez d’elle meſme ſans qu’on

284.0 951.0 828.0 57.0 en ait fait expreſſe mention: A plus forte raiſon

285.0 999.0 826.0 58.0 donc, que ſera-ce de celui qui commet felonnie

286.0 1045.0 827.0 60.0 contre ſes ſubiets, auſquels il ſe ſeroit adſtreint

288.0 1094.0 823.0 62.0 par ſerment treſ-expres? Qui plus eſt quand ain¬

286.0 1142.0 824.0 61.0 ſi ſeroit que le ſeigneur ne peuſt commettre fe¬

287.0 1189.0 826.0 59.0 lonnie contre ſon vaſſal pour en perdre ſon fief.

289.0 1238.0 824.0 60.0 ſi eſt-ce que nul ne doute que le vaſſal commet¬

289.0 1287.0 826.0 57.0 tant felonnie contre ſon ſeigneur, ne perde ſon

290.0 1334.0 821.0 59.0 fief: Or eſt-il ainſi que l’Empereur meſmes, cõ¬

290.0 1385.0 823.0 52.0 me nous l’auons ci deuant noté, doit homma¬

292.0 1429.0 820.0 63.0 ge à l’Empire, duquel il eſt le premier & ſouue¬

292.0 1481.0 823.0 56.0 rain vaſſal (ce qui doit eſtre encores à plus forte

292.0 1528.0 823.0 56.0 ou pour le moins auſſi forte raiſon eſtimé de la

293.0 1574.0 822.0 56.0 condition des Rois à l’endroit du Roiaume) &

293.0 1626.0 821.0 58.0 pourtant qui doute, comme auſſi nous auons

293.0 1673.0 821.0 63.0 monſtré qu’il a eſté prattiqué par tout, qu’ils ne

978.0 1722.0 134.0 66.0 dechaſ¬
