1132 1824
615 133 63 51 84

232 177 830 58 ſus parlé. Et conclus par cela que non ſeule¬

234 231 827 51 ment il faut tenir pour Martyrs ceux qui au¬

232 275 829 55 ront vaincu ſans reſiſtance, & par la ſeule pa¬

231 323 830 57 tience, la Tyrannie des perſecuteurs de Verité:

231 371 829 52 mais ceux auſſi, qui ſuffiſamment authoriſez

231 419 829 57 des Loix, & de ceux qu’il appartient, emploient

230 468 829 55 leurs perſonnes pour la deffence de la vraie Re¬

232 515 138 58 ligion.

282 562 772 60 Iuſques ici quant à ceſte derniere replique,

230 615 829 52 i’ai voulu reſpondre à ceux qui la mettent en a¬

232 663 825 48 uant, de paoeur qu’ils ont de faillir, en entre¬

231 710 829 56 prenant quelque choſe contre Dieu. Mais quant

230 760 830 53 à ceſte maniere de gens, qui ne ſeruent au mon¬

232 806 823 57 de que pour le faire regorger du ſang innocent,

231 852 827 55 abuſans des Princes, de la ſeule ruine deſquels

232 900 825 57 ils ſ’agrandiſſent: & qui ce-pendant ſont effron¬

233 952 826 52 tez iuſques là, de mettre en auant tel argument

232 999 823 53 contre ceux, qui ne leur tendent le col: com¬

233 1048 824 48 bien qu’eux-meſmes couurent toutes leurs cru¬

233 1095 824 52 autez d’vn manteau de leur fauſſe religion: le

229 1141 826 53 ne les eſtime dignes d’autre reſponce, que de

230 1188 820 57 celle qu’il faudroit faire à quelques brigands,

232 1240 821 47 qui plaideroient contre les marchans & autres

230 1285 822 57 allans par païs, à ce qu’ils ne pottaſſent plus d’eſ¬

229 1336 823 54 pee pour ſe defendre, ſe permettans ce-pen¬

230 1383 802 53 dant toutes ſortes d’armes pour les eſgorger.

231 1430 822 50 Et me font ſouuenir de ceſt execrable Romain

230 1477 821 57 Fimbria (tel tueur à louage qu’il y en a pluſieurs

231 1527 822 53 auiourdhui) lequel, durant la proſcription de

229 1574 822 52 Sylla, aiant fait naurer & touteſ-fois failli à tuer

230 1623 819 57 Sceuola, l’vn des plus grans perſonnages, & des

230 1673 819 59 plus hommes de bien de Rome, oſa bien par
