1132 1824
461.0 139.0 48.0 58.0 55

62.0 170.0 821.0 77.0 par leſquels l’obligation eſt contractee, la peu¬

64.0 234.0 819.0 55.0 uent auſſi deffaire quand la raiſon y eſt: & par cõ

62.0 283.0 816.0 56.0 ſequent ceux-là ont la puiſſance de depoſer vn

64.0 331.0 820.0 55.0 Roi, qui ont puiſſance de le creer. Seconde¬

64.0 381.0 822.0 48.0 ment, Que ſ'il y a aucune iuſte occaſion de diſ¬

64.0 430.0 822.0 49.0 ſoudre vn contract ou conuẽtion, & par laquel¬

64.0 473.0 823.0 53.0 le vne obligation ſ'annulle d’elle-meſmes, c’eſt

67.0 521.0 818.0 57.0 quand les conditions eſſentielles ſont notoire¬

66.0 572.0 821.0 50.0 ment violees: moiennant leſquelles, & au reſ¬

66.0 621.0 822.0 56.0 pect deſquelles, proprement l’obligation auoit

65.0 667.0 823.0 56.0 eſté contractee. Que ceux-là donc qui eſleuent

64.0 714.0 823.0 58.0 l’authorité des ſouuerains iuſques là, qu’ils o¬

65.0 764.0 821.0 57.0 ſent dire qu’ils n’ont autre iuge que Dieu, quel¬

68.0 811.0 822.0 57.0 que choſe qu’ils facent, me monſtrent qu’il y ait

66.0 861.0 822.0 47.0 iamais eu nation, qui ſciemment, & ſans crainte

67.0 905.0 821.0 56.0 ou force, ſe ſoit oubliee iuſques à ſe ſouſ-mettre

65.0 954.0 822.0 55.0 à la volonté de quelque ſouuerain, ſans ceſte cõ¬

62.0 998.0 825.0 62.0 dition expreſſe, ou tacitement entendue, d’e¬

66.0 1049.0 817.0 53.0 ſtre iuſtement & equitablement gouuernez. Et

65.0 1098.0 816.0 62.0 ſi on m’allegue quelque exemple des Peuples,

65.0 1138.0 825.0 68.0 leſquels eſtans domptez ſe ſont aſſeruis à toutes

66.0 1190.0 819.0 64.0 telles conditions qu’a voulu leur vainqueur: Ie

65.0 1240.0 826.0 61.0 ne me contenterai point d’alleguer auec les Iu¬

67.0 1289.0 819.0 59.0 riſconſultes, que ce qui eſt extorqué par force,

66.0 1340.0 823.0 52.0 ou par iuſte crainte ne doit eſtre vallable: car ie

69.0 1385.0 818.0 62.0 confeſſe que la Theologie, qui eſt la reigle de la

68.0 1434.0 817.0 60.0 conſcience, ne permet pas que meſmes vn tel ſer

68.0 1478.0 823.0 64.0 ment ſoit legerement violé. Mais ie dirai, que

73.0 1531.0 817.0 56.0 quand meſmes vn Peuple ſciemment & de ſon

73.0 1580.0 812.0 56.0 plein gré a conſenti à vne choſe, qui de ſoi-meſ¬

69.0 1623.0 816.0 61.0 mes eſt manifeſtement irreligieuſe, & contre le

69.0 1671.0 819.0 69.0 le croit naturel, vne telle obligation ne peut va¬

899.0 179.0 150.0 56.0 rompue, f

897.0 231.0 154.0 48.0 plaiſt, à la

894.0 272.0 164.0 48.0 partie inter

893.0 308.0 82.0 59.0 eſſee.

915.0 986.0 143.0 64.0 Nuls Roi

894.0 1050.0 132.0 41.0 acceptez

893.0 1080.0 170.0 51.0 ſans condi¬

893.0 1126.0 172.0 42.0 tiõ tacite ou

899.0 1158.0 164.0 54.0 expreſſe de

896.0 1199.0 162.0 45.0 ſaintement

896.0 1243.0 156.0 45.0 & bien gou

898.0 1286.0 114.0 42.0 uerner.

898.0 1405.0 167.0 50.0 Conditions

902.0 1439.0 163.0 56.0 notoiremẽt

903.0 1486.0 160.0 53.0 irreligieuſes

894.0 1531.0 171.0 48.0 & cõtre tou

898.0 1569.0 162.0 47.0 te bonne cõ

898.0 1611.0 156.0 43.0 ſcience ne

902.0 1644.0 152.0 56.0 peuuent va

903.0 1687.0 60.0 47.0 loir.
