1132 1824
648.0 123.0 45.0 53.0 58

260.0 174.0 823.0 59.0 re ou mere, violer filles & femmes, piller & maſ¬

259.0 223.0 825.0 60.0 ſacrer chacun à ſon appetit, ſous vmbre qu’vn

260.0 271.0 823.0 60.0 peuple ſe fiant en la preud’hommie eſperee d’vn

260.0 322.0 822.0 56.0 tel Prince, l’aura receu au commencement ſans

259.0 374.0 336.0 49.0 aucune condition?

289.0 414.0 794.0 55.0 Certainement ce ſeroit vne choſe par trop ini¬

267.0 465.0 819.0 59.0 quede n’accorder à toute vne natiõ ce que l’equi

267.0 515.0 819.0 57.0 té ottroie aux perſonnes particulieres, comme

266.0 557.0 818.0 60.0 aux mineurs, aux femmes, à ceux qui ont le ſens

259.0 605.0 827.0 63.0 bleſſé: bref, à ceux qui ſont trompez de plus de la

260.0 658.0 826.0 60.0 moitié de iuſte pris, principallement ſ’il appert

261.0 705.0 823.0 57.0 de la mauuaiſe foi de celui, auquel telles perſon¬

261.0 749.0 825.0 64.0 nes ſe ſeroient obligees. Or ſe pourroit-il trou¬

261.0 801.0 825.0 61.0 uer quelqu’vn de plus mauuaiſe foi qu’vn Tyran

263.0 849.0 822.0 57.0 qui ſeroit ſi effronté que de vouloir maintenir

265.0 897.0 823.0 59.0 pouuoir faire toutes choſes à tort ou à droit, ou

264.0 946.0 823.0 59.0 pour auoir ainſi conuenu auec ſon peuple, ou

266.0 995.0 820.0 57.0 pour auoir receu de ſes anceſtres vne telle puiſ¬

264.0 1042.0 823.0 59.0 ſance? Bien confeſſe-ie ce pendant (comme ie

265.0 1088.0 822.0 61.0 l’ai cy deſſus amplement deduit) qu’en tel cas il

267.0 1137.0 821.0 60.0 faut que la puiſſance des Eſtats, ou autres tels or¬

269.0 1185.0 818.0 58.0 donnez, entreuienne, ſans qu’il ſoit licite ni

270.0 1234.0 816.0 60.0 aux perſonnes priuees de riẽ entreprẽdre d’eux¬

269.0 1281.0 818.0 59.0 meſmes en l’eſtat, ni aux Magiſtrats inferieurs

270.0 1333.0 657.0 53.0 d’exceder les limites de leur vocation.

327.0 1371.0 759.0 69.0 D’auantage, ie demande ſi le ſubiet eſt plus a¬

279.0 1421.0 808.0 68.0 ſtreint à ſon Roi que l’enfant à ſon pere, l’eſcla¬

274.0 1472.0 814.0 63.0 ue à ſon ſeigneur, l’affranchi à celui qui l’a affran

272.0 1523.0 815.0 60.0 chi, que les Romains appelloient Patron. Or

270.0 1571.0 816.0 61.0 eſcoutons en premier lieu ce que Ciceron ſ'ac¬

272.0 1619.0 814.0 57.0 cordant en cela à droit & à raiſon, dit du deuoir:

272.0 1667.0 812.0 71.0 d’vn fils aiant vn pere voulant vſurper par force

79.0 401.0 181.0 70.0 Les peuples

80.0 463.0 173.0 42.0 doiuent e¬

80.0 498.0 178.0 53.0 ſtre pluſtoſt

81.0 543.0 176.0 44.0 releuez que

79.0 580.0 176.0 56.0 les particu¬

81.0 618.0 89.0 60.0 liers.

117.0 1392.0 149.0 48.0 Les Rois

88.0 1434.0 176.0 51.0 sõt aſtreints

89.0 1475.0 176.0 43.0 aux droits di

90.0 1515.0 172.0 50.0 uins & hu¬

89.0 1560.0 102.0 47.0 mains.
